2438 4972
195 909 322 975 victoris
335 904 461 972 devicto
480 901 594 968 allerre
608 901 727 968 illustre
741 921 874 984 nomeu,
890 921 948 968 nec
962 904 1048 994 regis
1060 906 1167 995 stirpe,

194 1001 253 1092 nee
277 1025 362 1091 lucta
385 1024 419 1088 in
445 1021 532 1088 bello
556 1021 697 1087 heroica.
743 1019 818 1086 Non
843 1017 983 1110 pudebat
1002 1021 1073 1088 illos
1090 1024 1165 1088 bar-

193 1145 306 1226 baros‚
325 1141 467 1230 quamvis
479 1140 537 1230 ipsi
555 1139 689 1204 illustres
706 1153 828 1222 essent,
847 1153 880 1203 et
896 1137 1034 1228 alioquin
1050 1140 1167 1206 virtrne

194 1261 327 1344 bellica,
352 1259 526 1348 ceterisque
546 1257 613 1322 reri
635 1255 740 1322 herois
762 1255 932 1322 virtutibus
957 1257 1163 1343 excellerent,

195 1380 312 1444 famant
328 1391 470 1468 paratam
483 1391 550 1440 stre
566 1371 723 1440 barbariei
740 1387 818 1438 nott
831 1375 1060 1454 contaminare.
1106 1375 1166 1440 lrna

194 1519 280 1588 pune
302 1496 346 1560 itu
367 1516 434 1559 sese
454 1513 564 1583 gerere
583 1506 748 1582 poterant3
773 1514 846 1556 narn
862 1492 897 1556 in
913 1508 1022 1560 mente
1039 1493 1167 1586 popula·

193 1615 277 1682 riurn
288 1612 367 1678 nihil
382 1611 497 1676 veteris
513 1609 616 1676 iamne
631 1632 742 1676 revera
754 1607 949 1700 perdebant,
968 1634 1030 1679 nee
1046 1609 1166 1704 aliquid

195 1729 372 1798 mirandum
395 1729 498 1796 iuerat
520 1727 648 1794 illorum
671 1727 774 1795 iactis.
820 1728 869 1796 Its
890 1729 976 1796 enirn
994 1752 1066 1796 mos
1083 1747 1166 1796 tem·

194 1850 280 1940 poris
302 1847 526 1940 permittebat,
554 1847 620 1912 imo
647 1845 817 1938 flagitabat.
863 1845 982 1912 Eadem
1004 1847 1165 1938 principis

196 1969 364 2034 observata
385 1965 521 2033 vidimus
546 1964 630 2057 apud
654 1981 775 2032 veteres
802 1964 939 2056 populos
961 1988 1166 2054 summosque

194 2087 389 2178 antiquitatis
406 2084 516 2169 duces,
533 2085 566 2150 in
577 2084 687 2169 umis,
699 2101 753 2150 sut
766 2099 842 2176 toga
854 2083 1059 2152 immortales.
1093 2084 1163 2152 Nec

193 2227 331 2288 censu,
356 2225 458 2290 neque
481 2225 658 2285 rossontus,
681 2225 783 2292 neque
802 2226 926 2287 screto,
951 2203 1023 2287 alii,
1038 2204 1164 2268 innatae

192 2323 370 2388 animorum
402 2322 605 2408 generositati
637 2317 805 2404 cedentes,
839 2344 988 2412 superare
1016 2334 1165 2412 poteraut

193 2438 303 2503 aetatis
319 2459 408 2520 suae,
423 2437 530 2500 bacin
548 2458 599 2518 re,
615 2433 742 2501 menda.
787 2437 815 2500 E
830 2437 937 2502 multis
949 2460 1048 2502 unum
1065 2461 1167 2504 exem·

190 2554 279 2646 plum
292 2551 445 2636 sufficiat,
458 2555 545 2638 eujus
555 2551 640 2616 tama
654 2551 736 2616 vivit
747 2553 782 2617 in
799 2575 857 2618 ore
872 2569 1075 2642 posterorum
1091 2571 1169 2622 tent·

192 2695 323 2764 porum,
343 2667 493 2760 quodque
515 2666 579 2734 fide
598 2667 795 2759 dignissimus
808 2671 947 2760 scriptor
960 2691 1063 2735 uuus
1076 2693 1170 2740 won-

197 2813 276 2857 urrs
294 2787 446 2855 oblivioni
464 2789 629 2854 hominurn
645 2785 760 2879 eripuit
772 2785 831 2878 (r).
877 2784 1000 2854 Flebile
1014 2788 1169 2858 nimimut

196 2909 405 2976 infortunium
425 2905 645 2998 indigitemus,
669 2903 758 2994 quod
776 2922 919 2974 evertere
938 2929 1005 2974 non
1018 2923 1170 2998 poterunt

198 3027 286 3117 regia
310 3025 422 3115 stirps,
446 3047 507 3090 nec
528 3024 655 3116 egregia
673 3024 817 3092 facinore
833 3026 949 3093 bellice
969 3026 1092 3112 misni,
1114 3029 1168 3117 qui

196 3143 275 3209 illud
290 3144 413 3232 perpeti
427 3141 593 3208 damnatus
606 3159 686 3210 erut.

240 3260 1168 3354 Rnersnsiresssssnuonnsoc‚ann0748,postobitum

197 3405 329 3448 srcunnr
354 3401 458 3446 nstro
479 3380 627 3445 urccessit
649 3380 683 3444 in
705 3380 822 3445 solium
847 3381 1017 3448 Danioum.
1072 3381 1168 3446 Certe

198 3501 282 3565 inter
298 3497 441 3590 egregios
462 3511 495 3562 et
515 3495 703 3562 tonnsimos
722 3494 952 3564 scandinaviae
972 3497 1088 3565 heroes
1107 3497 1168 3564 erit

198 3614 414 3683 collocandus.
466 3614 544 3680 Post
567 3613 667 3680 multa
693 3615 836 3682 facinora
862 3615 990 3707 egregio
1019 3637 1165 3682 successu

198 3749 325 3817 ornata,
346 3731 534 3822 aliquando,
552 3735 776 3801 comitantibus
788 3733 861 3801 liliis
874 3750 907 3800 et
918 3757 1017 3827 parra
1029 3733 1166 3800 militum

199 3877 314 3937 manu,
338 3849 459 3918 duabus
477 3853 608 3918 neribus
628 3853 741 3937 vectis,
764 3853 912 3944 Angliaru
932 3849 1085 3920 invadere
1105 3867 1166 3918 sta·

227 4169 267 4230 (l)
284 4169 369 4217 Ortus
391 4181 529 4224 worrrnr,
555 4165 723 4217 litterature
749 4167 872 4229 Decies,-
892 4183 954 4218 uro
973 4181 1170 4228 ertrrtrrer13

285 4263 436 4322 veteresque
457 4257 551 4322 Seque.
588 4259 653 4307 lore
669 4257 738 4309 illiue
752 4275 805 4310 tec.
816 4275 901 4308 estun
913 4275 947 4313 w.
958 4255 1175 4320 aeetttttmtts

285 4363 336 4399 seo.
360 4346 656 4410 venerandumne
675 4347 796 4410 venien,
817 4351 861 4404 Al.
882 4351 946 4400 850.
