2430 4988
633 645 673 708 ld

164 854 391 944 Σιηνοπὴγια).
421 853 577 944 Religioni
587 852 782 920 Christianae
794 855 921 942 ejusque
933 851 1037 920 almae
1051 854 1128 940 luci,

156 971 289 1040 ¹raniaros
317 972 507 1064 populorum
533 971 692 1062 placanti,
722 968 924 1036 tribuendum
947 987 1014 1056 est,
1044 973 1133 1062 quod

168 1090 319 1158 laudabili
340 1091 541 1158 humanitatis
558 1089 662 1156 studio
679 1087 784 1173 ducti,
809 1089 969 1154 civitatum
989 1089 1134 1156 modera-

169 1225 255 1276 tores
267 1233 361 1276 curae
377 1211 575 1300 captivorum
588 1207 787 1272 incubuerint
801 1204 868 1296 (r);
892 1206 1041 1296 quodque
1051 1231 1132 1274 uon·

169 1327 248 1392 nulli
270 1329 330 1394 viri
356 1328 513 1417 principes
535 1323 575 1389 de
598 1323 659 1388 illis
674 1319 878 1391 emendandis
904 1325 1129 1415 cogitaverint,

169 1447 215 1510 uti
234 1461 321 1536 patet
339 1468 378 1510 ex
393 1444 466 1510 looo
480 1457 708 1522 Qumcrrnranr
724 1439 783 1530 (a).
829 1439 939 1522 Qualis
950 1443 1047 1534 igitur
1060 1465 1133 1508 oon-

169 1561 250 1628 ditio
262 1563 458 1653 captivorum
469 1559 564 1626 bresit
576 1558 660 1650 apud
670 1575 808 1644 veteres,
823 1559 906 1626 infra
917 1558 1129 1650 pedetentim,

86 1673 89 1682 ’
167 1680 308 1746 breviter·
327 1677 605 1762 considerabimus.
652 1679 714 1744 Hic
735 1701 813 1744 vero
833 1677 968 1744 sufficiat
990 1678 1132 1746 iudicare

168 1791 353 1887 praeeipuos
371 1797 562 1888 antiquitatis
580 1797 687 1880 locos,
712 1797 825 1886 quibus
845 1819 981 1880 crosno,
999 1797 1034 1860 in
1054 1795 1134 1862 Ver-

167 1915 237 1980 rina
251 1913 294 1999 V,
316 1931 369 1982 aut
381 1938 589 2000 saannsarus,
606 1917 641 1982 in
655 1911 867 1981 describendis
882 1913 1018 1978 Tulliani
1032 1935 1135 1979 caree·

168 2033 211 2098 ris
229 2033 432 2116 horroribus,
456 2033 652 2122 captivorum
669 2047 788 2097 sortem
805 2029 1000 2097 describunt.

212 2148 283 2214 lam
301 2150 356 2214 11⁰.
378 2148 505 2212 saeculo
525 2170 559 2237 p.
579 2147 655 2212 Chr.
673 2171 707 2214 n.
726 2149 793 2237 ipse
809 2149 1058 2213 Christianorum
1073 2147 1133 2212 ini-

170 2267 288 2348 micus,
317 2263 451 2330 mordax
473 2263 543 2331 scil.
568 2285 746 2349 nunnitus,
770 2279 956 2355 contemptu
978 2287 1054 2349 suo,
1076 2265 1132 2330 im-

170 2380 338 2448 mortalem
363 2366 510 2470 ipsorum
530 2381 591 2447 hao
618 2383 653 2448 in
682 2405 719 2449 re
743 2384 862 2449 meritis
894 2383 1040 2473 praebuit
1065 2382 1133 2449 lau·

169 2497 243 2565 dem
260 2497 325 2588 (3);
349 2521 446 2587 quum
469 2498 603 2585 referat,
631 2497 824 2566 Christianos
848 2501 990 2592 captivos
1008 2500 1135 2568 visitans

168 2617 203 2682 in
225 2616 421 2699 carceribus,
446 2616 622 2701 consolari,
644 2640 708 2683 una
733 2639 814 2684 oum·
830 2619 869 2684 iis
888 2619 1034 2710 precari,
1057 2619 1135 2684 imo-

168 2755 231 2824 que
257 2749 386 2801 nootem
417 2757 490 2800 cum
521 2736 559 2800 iis
588 2736 759 2826 transigere
785 2735 896 2804 solitos
923 2737 1038 2822 fuisse,
1071 2738 1135 2803 buo

169 2869 263 2944 atque
288 2853 365 2921 illuc
391 2855 579 2945 migrantes,
604 2853 645 2920 ad
670 2856 756 2946 pianr
782 2857 866 2922 hanc
888 2877 1019 2946 operam
1044 2873 1131 2921 exea

170 2973 323 3056 eandam,
346 2996 449 3062 neque
477 2997 555 3040 auro
582 2997 744 3041 carcemm
774 2974 919 3042 custodes
945 2971 1135 3040 favorabiles

166 3087 227 3154 sibi
255 3085 388 3153 reddere
410 3089 577 3158 dubitasse.
624 3092 739 3158 Postea
762 3093 909 3160 exstitere
926 3093 987 3159 viri
1016 3107 1049 3159 et
1068 3113 1134 3158 mu·

170 3203 280 3289 lieres,
303 3202 396 3273 unice
416 3205 492 3270 buio
515 3228 632 3299 operae
653 3190 900 3294 asseverantes,
922 3209 977 3299 qui
998 3209 1138 3276 Diaroni

202 3481 243 3553 (1)
259 3483 299 3537 Cf.
309 3481 466 3534 Prooemium
475 3477 508 3532 ad
516 3479 721 3533 onerosam
733 3477 924 3545 lmagnrslsm,
941 3496 957 3532 a
968 3495 994 3531 r.
1005 3495 1032 3534 a.
1044 3495 1140 3531 sarm

261 3587 312 3623 m
337 3587 464 3623 varran!
486 3573 654 3640 sonsoriptam
674 3571 703 3623 1..
725 3571 754 3622 B.
779 3571 854 3624 1825.
896 3572 956 3623 alls
977 3585 1041 3622 aurs
1066 3585 1142 3638 qnam

261 3665 390 3718 »Romani
410 3663 555 3716 babuermt
575 3663 686 3716 urseris
701 3667 728 3716 sl
745 3677 849 3724 eoram,
874 3663 919 3728 qui
934 3677 1037 3714 osrosrs
1053 3664 1141 3715 santi·

260 3755 436 3808 sustentur.”

198 3845 239 3914 (2)
255 3845 320 3896 last.
347 3848 419 3898 orat.
446 3843 501 3897 lib.
527 3844 586 3895 ¹11.
604 3844 631 3896 1.
666 3843 723 3893 »St
740 3849 864 3894 sossatss
881 3843 1030 3895 natanias
1044 3843 1140 3894 loson

261 3941 398 3984 amsans
412 3936 503 4002 sttqso
517 3935 592 3984 nodo
603 3934 727 4000 possm,
745 3935 816 3984 siut
827 3949 904 4001 pom
919 3937 1058 3987 tarnum
1074 3950 1138 3986 soss-

262 4025 405 4086 eamear,
434 4026 521 4077 salsos
543 4039 597 4075 ssss
622 4039 665 4076 sss
691 4027 777 4091 μσςὴ
795 4039 809 4074 s
827 4027 964 4094 ”psillos
986 4032 1041 4090 sat,
1059 4037 1140 4096 qus·

261 4115 415 4183 »puniri.'’

199 4207 240 4275 (3)
256 4207 286 4257 lu
304 4207 453 4273 Peregrina,
472 4207 512 4258 ct.
527 4197 690 4262 soasomn.
706 4206 739 4259 sd
753 4209 795 4261 att.
806 4209 868 4264 cod.
879 4209 1003 4262 l'lrsodos.
1014 4205 1140 4277 delaiss-

260 4297 485 4352 holenstein.
