2430 4988
58 937 210 998 morum,
242 911 418 1003 probrosi
446 925 591 1000 tempore
620 909 832 996 inclusorum,
859 937 1032 998 erronum,

59 1033 284 1102 mendicorum
299 1027 569 1118 delinquentium,
590 1029 702 1117 quibus
717 1053 826 1098 carcer
840 1033 963 1102 videtur
976 1037 1032 1104 be·

59 1155 158 1245 nigna
181 1150 326 1234 mensio,
347 1163 495 1239 tempore
516 1147 644 1240 frigoris
667 1149 822 1217 hiemalit.
867 1153 948 1220 Item
975 1177 1035 1246 op-

58 1271 140 1338 time
159 1269 383 1338 convenientes
403 1267 483 1350 reis,
506 1289 568 1356 pro
588 1265 687 1357 longo
704 1269 859 1358 temporis
874 1285 976 1337 tractu
989 1274 1035 1339 in-

63 1389 178 1472 clusis,
195 1384 323 1454 medico
338 1401 431 1462 entes
444 1385 588 1475 corporis
600 1383 811 1475 aptitudinem
824 1389 1033 1459 examinante.

110 1505 181 1572 Nec
211 1527 289 1594 opus
313 1519 361 1569 est
388 1519 554 1592 ternpore,
582 1503 811 1570 institutionem
840 1506 874 1570 in
898 1505 1038 1574 artificiis

65 1625 144 1716 ipsis
167 1621 395 1713 praecedente,
420 1619 571 1710 (leertijd)
590 1620 676 1710 quod
698 1625 812 1689 summi
829 1625 1036 1692 emolumenti

63 1756 114 1810 est
141 1743 176 1810 in
201 1743 281 1824 reis,
304 1762 367 1831 pro
396 1754 542 1829 tempore
569 1738 707 1808 inclusis
763 1740 919 1828 Accedit,
949 1743 1036 1833 quod

62 1861 142 1928 haec
173 1881 302 1926 reorum
329 1857 500 1948 ocoepatio
529 1855 670 1948 perfecte
696 1856 840 1948 adaptari
866 1863 967 1950 possit
992 1863 1034 1930 ad

62 1979 206 2068 quamis
226 1978 431 2068 partitionem
457 1977 492 2041 in
513 1975 642 2059 classes,
664 1991 698 2042 et
719 1979 869 2068 conjungi
882 2002 955 2044 enm
973 1981 1035 2046 elia

63 2098 98 2162 vi
115 2096 271 2180 monite,
292 2095 391 2162 veluti
411 2117 486 2160 cum
506 2115 603 2183 aqua,
619 2099 711 2176 aere,
729 2116 866 2185 vapore,
884 2094 925 2162 ad
939 2095 1037 2186 quod·

66 2213 150 2281 libet
170 2213 337 2282 artificium
356 2209 594 2280 sublevandum.

109 2331 167 2400 lv.
199 2331 456 2416 memorum,
476 2329 648 2424 praecipue
668 2329 837 2422 religiosis,
854 2332 888 2396 in
903 2331 1037 2402 introitu
1108 2421 1112 2426 Ι

66 2466 121 2517 aut
140 2473 265 2542 egressu
286 2451 486 2542 eaptivorum
507 2473 526 2515 e
549 2471 687 2516 carcere.

109 2564 151 2634 V.
175 2565 1037 2660 Major-ibushonoribnsetstipendiis,publicesolren·

66 2687 116 2756 dis
126 2689 314 2782 praepositis
328 2710 491 2756 carcerum
503 2703 536 2754 et
549 2685 732 2756 custodibus
743 2687 960 2772 inferioribus,
972 2712 1040 2778 quo

65 2805 188 2874 mederi
203 2809 306 2898 possit
324 2806 436 2871 abussi
456 2803 855 2872 custodum-redemtorem
872 2805 1037 2871 alimento·

67 2947 157 3010 rum‚
175 2925 306 3016 captivis
320 2921 623 2990 distribmndorum.
651 2922 809 2987 Praefecti
824 2923 959 2988 caronis
970 2945 1039 2988 mu·

69 3065 130 3108 ntis
140 3040 311 3132 prudenter
320 3058 460 3128 tantum,
473 3066 535 3134 pro
545 3040 817 3124 remuneratione,
830 3039 981 3108 militibus
989 3065 1041 3110 ve·

70 3159 191 3226 teranis
213 3161 348 3228 emeritis
372 3161 431 3250 (uti
450 3161 485 3228 in
505 3159 667 3226 nonnullis
688 3160 866 3228 carceribus
881 3163 1037 3255 usuvenit)

68 3275 311 3344 concedendum
329 3280 401 3346 erit.
443 3279 590 3370 Inprimis
606 3302 703 3366 vero,
721 3267 772 3346 'sie
787 3280 959 3372 prudenter
972 3283 1040 3349 lec-

68 3397 111 3462 tis
130 3396 204 3463 visis
222 3396 263 3463 sd
281 3398 346 3465 hoc
361 3421 474 3464 munus
487 3401 586 3490 aptis,
603 3400 649 3464 rei
664 3399 883 3465 liberabuntur
897 3399 938 3462 ab
951 3413 1035 3465 atro·

67 3516 165 3581 citste
184 3517 348 3584 arbitraria
369 3515 538 3584 custodum
562 3533 595 3583 et
614 3516 853 3584 Praefectornm
878 3517 1033 3603 carceris,

66 3633 170 3722 (cnjus
197 3637 245 3702 rei
272 3634 434 3702 horrenda
461 3635 603 3725 exempla
629 3633 726 3699 reiert
747 3633 880 3699 historia
905 3633 940 3698 in
967 3657 1037 3704 cus·

158 3981 310 4050 positionem
336 3984 491 4036 ratbodem.
534 3985 602 4036 lleeo
628 3981 760 4044 machine,
787 3982 857 4047 quali
884 3986 991 4036 utuntur
1015 3987 1043 4037 in

158 4071 250 4136 Anglii
274 4071 307 4123 sd
335 4073 419 4138 fruges
446 4073 599 4140 pinsendos,
626 4089 707 4138 equse
734 4072 958 4138 truttmunt,
984 4093 1042 4128 curn

160 4166 274 4214 veterum
292 4165 412 4230 pistrino
430 4165 540 4230 eliqusnr
558 4164 658 4216 ridetur
675 4163 768 4216 babere
786 4165 984 4222 similitudieem.
1013 4169 1042 4219 ln

160 4269 262 4306 carcere
287 4255 469 4308 Hori-lborsci
492 4260 543 4306 tem
573 4254 639 4308 letes
664 4255 828 4307 inveniuntur
852 4268 942 4324 rotae,
961 4265 991 4311 nt
1014 4262 1044 4310 te

160 4345 269 4398 malelioi
287 4347 378 4414 simul,
397 4363 449 4400 uno
466 4345 573 4412 ordine,
591 4345 743 4404 desedere
758 4349 865 4420 possint.
