2438 4972
88 903 179 984 lisso,
204 901 287 968 inter
312 921 391 988 quos
410 919 594 984 amusan,
614 925 858 990 tnnronntnnr,
875 922 907 972 et
919 931 1053 977 nmnnr·

88 1042 184 1089 narn
210 1017 230 1086 5
254 1017 354 1100 lilios,
378 1017 456 1086 lilias
481 1017 568 1086 duas.
614 1021 714 1086 Cuns
736 1043 872 1106 otmar,
902 1017 1052 1096 Afficnno

87 1139 271 1230 triumpho,
295 1158 396 1202 roms
422 1138 505 1228 regis
525 1137 626 1206 filium
650 1139 802 1206 infantem
831 1157 903 1206 ante
927 1165 1053 1212 curmm

91 1255 196 1326 duxit.
241 1254 375 1338 Sanno,
407 1252 532 1330 devius
565 1256 769 1348 Cuthagine,
802 1279 1053 1344 manarum

92 1395 220 1439 rannus
236 1393 387 1440 unsaros
402 1393 545 1440 rsnmnrr
561 1388 594 1440 st
608 1371 706 1457 filios,
724 1396 845 1442 tauros
859 1398 1057 1444 rosunum

94 1491 239 1580 captivos
262 1488 418 1558 duremur
441 1491 475 1558 in
498 1491 669 1579 triumpho.
715 1493 908 1560 Guortrns
931 1497 1056 1561 nonnisi

95 1607 273 1678 voluntaria
289 1631 368 1678 nece
391 1607 540 1697 triumphi
558 1609 762 1698 ignominiam
781 1612 900 1679 vitavit.
945 1614 1054 1678 Anu·

94 1747 221 1790 munus
246 1725 477 1815 Imperatorum
502 1747 568 1789 non
588 1725 700 1814 puduit
726 1729 762 1792 in
782 1728 936 1796 devictam
958 1753 1053 1798 mro·

92 1865 175 1912 nmrr
187 1841 252 1932 (r),
277 1841 536 1931 Palmyrenorum
551 1843 691 1932 reginam
708 1845 837 1910 victoris
856 1847 1054 1914 insolentiam

92 1983 254 2026 exercere.
280 1959 451 2041 strom,
467 1957 631 2024 Persarum
644 1981 751 2048 regem
767 1959 888 2044 serunt,
905 1985 1055 2028 vanaru-

92 2101 167 2142 nnn
181 2079 406 2165 Imperatorem
421 2075 534 2166 insigni
550 2077 740 2166 ignominiae
753 2079 945 2167 exposuisse,
966 2080 1056 2144 nimi

92 2215 185 2258 rum:
199 2193 301 2276 illum,
313 2194 558 2282 quotiescunque
572 2217 698 2259 currum
712 2192 934 2280 adscenderet,
950 2197 1055 2262 incur·

91 2325 172 2376 vato
186 2331 241 2394 eo,
261 2312 375 2376 cervici
386 2311 491 2376 miseri
502 2308 598 2399 pedes
609 2311 804 2401 imposuisse.
844 2313 958 2380 Melius
975 2337 1054 2382 vero

95 2448 242 2494 cnosson
260 2429 405 2494 tractavit
427 2451 544 2509 crans,
567 2443 733 2517 postquam
747 2445 853 2498 tamen
876 2433 986 2500 mortis
1006 2434 1055 2499 in·

94 2547 203 2612 stantis
217 2548 365 2612 horrores
378 2567 488 2610 omnes
502 2560 651 2613 senserat.

139 2665 188 2731 De
213 2665 345 2730 immani
374 2663 562 2729 tractatione
591 2663 827 2730 Atheniensium
854 2667 1011 2733 victorum
1037 2690 1056 2731 a

96 2781 226 2866 Siculis,
248 2780 383 2846 vidimus
405 2802 509 2869 supra.
555 2779 643 2845 Haec
658 2783 764 2868 itaque
782 2779 822 2845 de
837 2796 977 2844 veterum
997 2804 1055 2868 po·

96 2901 244 2990 pulornm
255 2921 345 2964 more
355 2898 552 2987 captivorum
564 2896 800 2962 tractandorum
807 2899 873 2981 jam
885 2895 1052 2964 sufficiant.

95 3018 197 3099 Mox,
228 3015 311 3081 illius
336 3015 528 3082 cmdelitntis
559 3015 688 3105 vestigia
716 3011 816 3078 multa
849 3013 944 3082 etiam
972 3013 1057 3105 apud

96 3133 234 3223 populos
247 3133 391 3223 Europae
405 3133 664 3223 septentrionalis
680 3133 872 3222 apparuisse,
889 3151 1056 3224 antequam

99 3249 184 3342 apud
211 3251 282 3316 illos
312 3251 424 3342 religio
456 3251 631 3316 Christiana
660 3249 840 3317 introducta
871 3267 965 3332 esset,
996 3274 1057 3317 nec

99 3370 183 3436 almo
209 3373 276 3458 ejus
303 3370 415 3435 lumini
440 3369 585 3452 cessisse,
608 3392 716 3436 verum
742 3369 940 3433 obscuratam
962 3367 1056 3436 fuisse

99 3488 295 3578 surgentibus
320 3485 418 3552 medii
441 3487 508 3552 aevi
528 3486 681 3570 tenebris,
707 3485 801 3550 Parte
815 3485 846 3549 11
867 3483 1054 3554 ridebimus.

98 3603 151 3669 Ad
166 3627 262 3693 quarn
278 3626 363 3670 nunc
382 3603 558 3686 transitui,
584 3603 676 3668 simul
691 3601 731 3668 de
745 3625 912 3694 progressu
928 3617 960 3669 et
975 3604 1056 3668 miti-

97 3723 223 3811 gatione
245 3720 368 3810 (saltem
389 3720 424 3785 in
448 3718 606 3786 nonnullis
627 3720 730 3809 terris)
750 3721 848 3786 severi
861 3720 937 3807 juris
953 3719 1056 3786 crimi-

98 3838 177 3905 nalis
190 3837 298 3906 videre
314 3839 406 3904 nobis
419 3837 650 3928 proposuimus.
696 3837 799 3904 Etiam
814 3838 886 3904 illos
899 3837 1057 3928 principes

96 4029 413 4042 —u-——ffl

127 4142 168 4212 (1)
185 4143 295 4208 lingona
313 4143 460 4210 Hispaniam
476 4143 601 4193 studiosos
619 4140 762 4205 ablegamus
776 4141 808 4192 ad
824 4143 1015 4208 pulcherrimam
1026 4145 1065 4195 la·

69 4227 72 4233 ⁸
189 4233 288 4294 hulam,
307 4234 339 4286 als
354 4236 453 4299 egregio
471 4239 548 4300 poeta
562 4246 694 4282 natones
705 4246 737 4280 nr
747 4245 778 4280 ts
789 4247 869 4280 sanus
880 4237 1061 4303 conscriptum

190 4322 218 4374 ln
234 4340 302 4389 oros
320 4325 448 4388 σκιώδη,
466 4325 543 4375 Turno
562 4325 584 4374 l.
602 4322 672 4374 ldie.
693 4337 769 4384 nrrr,
786 4322 887 4374 tonsu
904 4323 964 4385 lv.
