2460 4530
557 238 562 248 x

73 505 147 547 cum
175 482 226 565 iis,
251 501 333 569 quae
357 479 512 568 praestitit
533 479 674 569 egregius
693 503 791 546 sacca
813 507 930 570 aaran,
957 485 1036 553 Ion-

73 598 230 682 dinensis,
263 597 356 664 faber
389 597 547 678 aurarius,
580 595 783 664 Parlamento
813 620 955 671 auctores
981 605 1037 672 lie·

70 732 161 800 rent,
179 732 215 781 ut
233 737 396 786 carcerem
411 713 584 796 Millbartlt,
605 738 707 813 prope
723 715 919 805 Londinum,
935 723 1038 812 splen·

72 833 148 900 dide
159 832 351 917 conderent,
363 855 472 898 verum
484 833 927 924 nonabsquevituperatione.
946 838 1038 907 Prae·

72 953 180 1017 stabat
209 953 245 1016 in
271 952 371 1016 hocce
397 948 562 1034 aedilicio,
583 949 726 1016 custodia
750 952 913 1038 instituta,
937 956 1038 1022 nitens

73 1067 244 1158 disciplina
264 1068 375 1133 morali
393 1083 426 1133 et
442 1067 604 1158 religiosa,
624 1070 849 1158 occupatione,
868 1073 1038 1162 partitione

74 1187 112 1251 in
136 1186 267 1268 classes,
300 1186 497 1276 separatione
525 1200 695 1270 nocturna,
725 1190 812 1254 arcti
842 1191 1038 1258 observatio-

76 1327 136 1388 ne,
158 1306 264 1370 omnia
281 1327 346 1369 uno
362 1303 528 1368 oculorum
545 1302 657 1386 obtutu
672 1277 913 1396 complectenti,
937 1308 1037 1380 modo

75 1423 305 1488 architecturae
327 1419 489 1502 circulari,
510 1442 583 1484 cum
598 1419 754 1486 Praefecti
766 1423 911 1510 aedibus,
925 1426 1037 1494 mediis

74 1541 110 1607 in
135 1539 430 1628 circumjacentibus
458 1539 655 1634 captivorum
679 1537 798 1604 cellulis
812 1539 871 1630 (ι).
915 1543 1038 1630 Majore

75 1659 173 1726 etiam
200 1681 275 1724 cuna
298 1657 406 1746 vigore
428 1671 580 1724 tractatae
600 1669 672 1720 sunt
695 1673 859 1745 sequentes
877 1681 1039 1727 carcemm

56 1773 335 1858 emendationes,
358 1759 397 1840 eo
419 1772 629 1857 efficaciores,
654 1772 739 1862 quod
770 1775 931 1866 publicam
956 1779 1040 1844 solli·

41 1892 46 1900 ¹
77 1893 252 1962 citudinem
275 1893 394 1958 bacin
419 1915 456 1958 re
478 1893 661 1958 excitarent.
706 1893 788 1958 Nam
808 1894 890 1990 1817
910 1896 1039 1966 condita

15 2089 16 2092 Ἴ
75 2029 122 2082 est
144 2011 282 2079 Londini
307 2027 395 2076 vasta
423 2009 556 2075 societas
577 2008 619 2074 ad
641 2012 781 2099 captivos
804 2013 1036 2102 emendandos,

73 2132 228 2223 imprimis
263 2129 481 2217 delinquentes
505 2130 656 2215 juvenes,
689 2129 874 2216 quibuscum
902 2155 935 2199 se
966 2157 1039 2202 con·

70 2257 240 2340 junxerunt
263 2245 526 2337 congregationes
546 2245 686 2310 virorum
708 2245 943 2334 excellentium,
967 2253 1038 2320 Me·

73 2371 184 2461 uapiae
209 2364 356 2458 (Dublin)
381 2379 435 2428 aut
460 2361 645 2445 mulierum,
672 2385 761 2444 sexus
783 2362 954 2448 decorum,
983 2393 1036 2434 ve·

72 2487 213 2556 neranda
228 2504 426 2552 armaturas
444 2502 507 2547 aar
524 2481 590 2574 sive
604 2502 687 2568 arar
704 2478 786 2545 duce
798 2481 860 2570 (a).
907 2483 958 2548 Ab
973 2470 1037 2549 boc

93 2711 146 2807 x(l)
163 2738 203 2791 Gi.
222 2751 310 2787 rutam
325 2752 367 2805 op.
385 2737 456 2789 laud.

102 2829 141 2902 lb)
158 2831 226 2881 liaeo
249 2828 339 2879 mulier
363 2828 480 2894 egregia,
507 2839 538 2876 ex
561 2822 710 2875 llormandia
735 2824 857 2881 oriunda.
883 2843 898 2876 e
919 2827 1041 2880 societate

164 2923 293 2974 Fratrem
320 2918 481 2984 (Quotam),
506 2917 561 2983 jam
587 2917 668 2984 primo
696 2917 762 2968 ritae
784 2920 913 2984 tempore,
935 2917 1040 2968 durnin

162 3013 236 3063 domo
249 3014 354 3078 paterna
369 3008 517 3070 habitabat,
535 3007 689 3058 miserandae
706 3007 769 3056 aorti
783 3006 939 3072 captivorum
955 3010 1055 3056 emen-'

93 3117 96 3125 ’
162 3103 258 3154 dandae
281 3116 415 3168 generator
438 3099 554 3150 adhibuit
576 3101 701 3157 conatur,
726 3093 858 3144 condendo
877 3093 945 3143 domi
962 3095 1038 3157 ludo,

162 3195 197 3246 80
223 3181 361 3262 pauperum
385 3191 509 3256 juvenum
536 3203 639 3254 capace.
684 3185 803 3242 Irritus,
831 3183 875 3232 cui
902 3191 1038 3251 nupserat,

165 3285 247 3346 1800,
266 3297 352 3345 raar,
367 3281 455 3332 eodem
471 3276 636 3329 humanitatis
651 3274 740 3326 ardore
757 3271 941 3335 inflammatur,
957 3279 1039 3327 omni.

160 3376 208 3426 bur
230 3375 310 3426 modia
334 3371 500 3424 auxiliabatur
513 3370 570 3436 piae
584 3369 645 3418 buio
661 3380 762 3432 operae.
797 3363 924 3414 iiaximam
941 3365 1040 3419 laudern

161 3482 220 3517 vero
246 3469 358 3516 meretur
384 3468 487 3529 propter
498 3451 636 3525 'egregiam
652 3455 879 3525 peraeterantitun,
898 3455 972 3508 dulce
989 3459 1038 3510 bu·

160 3557 288 3608 munitatis
301 3555 429 3614 studium,
440 3568 509 3616 quae
518 3550 646 3608 ostendit,
661 3545 780 3598 mutando
790 3546 939 3600 horrendum
951 3567 1037 3603 carce·

159 3664 211 3698 rem
229 3645 352 3711 quate
371 3646 398 3694 in
418 3643 572 3692 domicilium
589 3641 727 3690 laboriosae
745 3639 937 3704 occupationis,
955 3644 1036 3709 pieta·

160 3737 203 3786 tia.
237 3737 271 3785 lia
287 3735 369 3792 duce,
387 3732 484 3782 exstitit
499 3731 575 3780 ctiam
590 3728 624 3777 24
640 3729 771 3778 mulierum
786 3743 800 3778 a
813 3735 883 3781 aeota
893 3733 1034 3798 fratrum,

159 3825 280 3883 societur,
300 3823 376 3872 unice
391 3820 496 3886 captiti·
520 3817 678 3869 emendandis
696 3823 834 3886 occupata,
854 3819 918 3885 quac
937 3821 1036 3886 egregia

158 3914 233 3966 etiam
244 3912 324 3964 ,bodie
340 3911 438 3978 operari
453 3925 504 3960 nou
522 3908 683 3972 defatigatur.
1054 3910 1058 3921 “
