2430 4988
630 645 669 713 16

169 860 379 954 frequentiore
400 857 503 938 iacto,
529 855 657 946 vestigia
684 853 766 920 illius
789 853 903 920 nobilis
927 855 1131 926 humanitatis

167 980 287 1048 ardoris
311 987 520 1068 apparuerunt
544 973 579 1038 in
603 971 751 1056 Francia,
772 970 847 1037 inde
870 995 888 1037 a
910 995 1089 1043 suranco
1105 1003 1130 1044 1.

168 1121 265 1188 mque
276 1095 318 1162 ad
330 1093 455 1187 egregia
467 1091 633 1158 conamina
646 1089 787 1156 amabilis
797 1111 963 1160 amcam
975 1115 997 1157 ι
1010 1117 1132 1180 raum,

169 1218 228 1307 (ar.
250 1237 386 1283 mrcarr
408 1236 450 1279 na
470 1209 565 1299 aaut)
589 1209 643 1297 qui
662 1222 754 1272 antea
764 1207 833 1298 ipse
847 1210 1065 1300 captivitatem
1079 1212 1134 1278 du.

103 1319 106 1326 ’
168 1359 237 1402 ram
263 1347 407 1426 expertus
432 1333 467 1395 in
492 1349 619 1394 carcere
647 1325 833 1410 Tunetunc,
862 1326 937 1394 inde
961 1328 1129 1416 libemus,

168 1453 337 1519 maximam
367 1447 451 1514 utilis
479 1445 563 1510 ritae
593 1457 717 1534 partem
748 1441 905 1534 impendit
936 1447 1060 1514 auxiliis
1089 1447 1131 1515 ie·

167 1570 273 1638 tendis
302 1564 501 1646 Christianis,
528 1563 563 1627 in
585 1561 717 1628 vinculis
739 1559 823 1652 apud
851 1563 982 1629 Mauras
1003 1589 1130 1657 gemen-

165 1690 264 1771 tibus,
296 1705 394 1773 aeque
423 1696 517 1770 atque
544 1677 758 1746 emendationi
784 1695 817 1746 et
845 1701 938 1748 curae
964 1681 1129 1752 damnato·

148 1829 252 1889 rum,
275 1804 310 1869 in
328 1800 478 1883 Francia,
503 1797 544 1865 ad
561 1798 714 1864 triremes.
759 1796 959 1884 Mirandum,
984 1802 1073 1890 quod
1090 1806 1129 1870 ab

165 1928 229 1992 hcc
240 1921 315 1990 inde
327 1938 488 2012 tempore,
505 1941 580 1984 cura
593 1917 789 2008 captivomm
804 1931 837 1983 et
850 1939 1014 1983 carcerum
1027 1943 1130 1988 emen·

166 2043 253 2110 datio
273 2042 360 2132 quasi
374 2039 497 2129 sopitae
514 2036 649 2118 fuerint,
668 2033 771 2102 donec
794 2035 906 2127 dignus
921 2061 1097 2106 mrcarrro
1109 2062 1130 2104 a

168 2181 272 2226 rauca
294 2170 428 2223 exstaret
448 2173 627 2216 successor:
650 2154 865 2242 magnanimos
890 2179 975 2224 soar
991 2149 1131 2224 aowsac

169 2275 288 2364 Anglus
298 2271 363 2362 (1),
387 2269 445 2358 qui
463 2288 558 2331 omne
585 2288 789 2335 aerumnosae
811 2271 894 2338 ritae
914 2289 1039 2366 tempus
1054 2299 1130 2342 con·

123 2411 130 2422 “
168 2391 241 2458 tulit
260 2392 294 2454 in
313 2390 398 2454 hunc
418 2384 584 2452 sublimm
606 2377 729 2450 finem.
760 2389 856 2455 Anno
883 2401 984 2480 4773,
1007 2391 1049 2457 ad
1063 2392 1131 2484 dig.

169 2505 300 2575 nitatem
325 2505 534 2595 magistratus,
559 2499 612 2588 qui
636 2499 766 2592 Shemff
776 2503 908 2591 dicitur,
932 2525 1075 2595 evectis,
1097 2511 1130 2576 in

169 2627 321 2694 comitam
342 2621 584 2710 Lactodurensi,
609 2616 857 2716 (Bedfotdshire)
879 2627 941 2692 iter
955 2650 1014 2716 per
1031 2643 1130 2694 totam

167 2745 317 2844 Magnam
344 2743 538 2809 Britanniam
562 2742 668 2809 facere
695 2744 819 2828 statuit,
848 2742 890 2810 ad
915 2767 1059 2812 carceres
1083 2769 1131 2813 ea·

168 2862 351 2954 plorandos.
396 2861 475 2928 Mox
489 2883 583 2946 vero,
606 2861 710 2952 legem
728 2861 842 2927 obtulit
857 2861 1076 2948 Parlamento,
1091 2861 1130 2928 ad

169 2983 309 3047 sanitatis
336 2981 532 3070 captivorum
559 3003 668 3047 curam
697 2979 950 3072 promovendam
978 2997 1012 3049 et
1039 3005 1130 3050 saeve

168 3113 360 3185 grassantem
380 3097 501 3163 febrem
529 3099 735 3166 carcerarium
749 3097 949 3189 (goul-sever)
962 3101 1130 3190 prohiben-

167 3209 252 3277 dam.
299 3209 433 3300 Quoque
450 3214 549 3304 magis
563 3215 722 3304 magisque
735 3231 949 3304 assequeretur
961 3216 1058 3284 funem
1070 3217 1128 3284 sihi

167 3331 384 3423 propositum,
407 3331 469 3398 iter
496 3330 572 3397 feeit
597 3355 655 3422 per
681 3331 869 3418 Franciam,
905 3333 1128 3419 Germaniam,
1165 3330 1169 3342 '

168 3449 345 3517 Helvetiam
373 3465 406 3516 et
428 3449 562 3541 patriam
583 3465 723 3520 nostram
745 3447 803 3540 (a).
850 3451 943 3540 Cujus
968 3453 1130 3547 investiga·
1173 3428 1183 3454 ⁸

168 3567 263 3634 tionis
288 3569 425 3652 finctus,
448 3569 495 3634 uti
517 3583 550 3634 et
574 3591 652 3658 quos
674 3567 873 3660 decerpserat
893 3571 927 3636 in
951 3573 1130 3664 peregrina·

56 3742 59 3748 .
170 3689 258 3758 tione
283 3712 341 3780 per
363 3685 559 3777 Hispaniam,
582 3686 789 3770 Lusitaniam,
813 3687 953 3774 Italiam,
976 3689 1130 3772 Daciam,

198 4018 238 4084 (Ι)
255 4017 292 4068 ne
308 4015 382 4080 eujus
397 4017 448 4067 sits
467 4019 495 4067 st
514 4015 611 4067 meritis
628 4014 661 4066 de
676 4029 776 4066 reorum
793 4017 922 4080 susidis,
943 4018 1021 4071 tactu·
1039 4019 1136 4072 videbi·

258 4123 313 4158 mus
331 4107 406 4158 Parte
423 4109 462 4162 11.

198 4199 239 4267 (2)
254 4199 368 4251 lcmoirs
383 4213 440 4263 pag.
456 4197 525 4259 270,
544 4197 610 4263 apud
625 4211 782 4247 sraasram
801 4200 827 4248 in
849 4198 979 4250 prooemio
996 4201 1028 4252 sd
1047 4218 1135 4270 poema
