2430 4988
526 673 569 741 46

53 889 253 972 sentiebant,
279 909 377 977 quum
402 887 457 968 iis,
480 909 540 975 pro
573 885 736 968 alimonia,
761 887 885 954 nonnisi
908 889 1020 980 exigua

55 1031 125 1074 una
160 1029 279 1096 aquae,
318 1004 399 1070 duae
426 1003 527 1069 mellis
557 1003 720 1093 portiones
752 1002 1019 1073 distribuerentur.

56 1129 144 1194 Rem
167 1140 346 1192 memoratu
370 1122 556 1215 perdignum
577 1123 631 1188 hic
655 1145 801 1189 enarrare
816 1123 927 1191 liceat:
952 1149 1023 1216 cap·

56 1245 119 1310 tivi
140 1243 303 1325 nonnulli,
327 1239 495 1307 recitandis
518 1261 682 1306 eumenus
702 1239 858 1324 versibus,
876 1263 964 1307 aures
977 1241 1023 1306 Si-

62 1361 212 1427 culorum
228 1374 407 1448 captarunt,
423 1359 468 1424 ita
479 1372 546 1423 ute
562 1378 689 1424 carcerc
703 1355 878 1447 depromti,
896 1373 932 1424 ut
943 1361 1023 1426 servi

63 1477 210 1544 venirent
229 1457 448 1566 inperegrinis
466 1473 1026 1557 manumiserimus

67 1617 132 1682 que
148 1591 292 1677 reduces,
312 1615 422 1660 omnes
442 1589 565 1658 adirent
586 1615 733 1683 magnum
747 1609 893 1682 poetam,
910 1595 1024 1686 gratias

66 1713 115 1794 ei,
139 1727 173 1778 ut
193 1711 377 1794 liberatori,
402 1732 442 1776 ex
462 1709 530 1776 iuro
551 1725 681 1799 pectore
703 1711 814 1778 actiui.

106 1947 203 2014 Missa
232 1947 414 2036 quaestione
437 1943 478 2012 de
504 1966 636 2011 numero
663 1965 843 2029 carcerum,
869 1947 1025 2035 (inuusq-

64 2065 151 2153 ρίων)
173 2063 386 2130 memorabilis
410 2063 502 2130 locus
527 2059 708 2128 referendus
735 2075 803 2146 est,
834 2063 888 2151 qui
913 2063 1028 2129 iuveni·

68 2197 123 2246 tur
143 2181 177 2245 in
199 2201 349 2246 rurosrs
368 2181 419 2246 De
437 2177 594 2270 Legibus,
618 2177 688 2244 Lib.
712 2177 763 2264 X,
785 2179 862 2266 908.

112 2279 230 2363 »Etsi
245 2305 316 2388 quis
341 2297 564 2364 condemnatus
577 2295 699 2385 suerit,
715 2295 842 2386 judices
869 2296 950 2364 lunc
964 2321 1028 2388 pso

69 2417 221 2508 ‚singulis
243 2415 338 2507 impii
363 2423 537 2482 commissis
557 2413 689 2504 singuiis
709 2412 941 2508 quibuscunque
959 2417 1031 2506 effi

68 2545 173 2602 »cient
193 2535 366 2626 suppliciis.
415 2531 600 2602 Cameribus
623 2533 751 2624 (δεσμὸς)
781 2535 904 2625 quidem
923 2559 1031 2602 omnes

68 2659 275 2722 naciscentes.
326 2655 405 2720 Tres
433 2675 504 2720 vero
530 2659 663 2718 suntin
692 2659 849 2718 cisitatcts
875 2677 1028 2720 carceres.

67 2774 173 2840 =Unus
201 2771 348 2862 piurimis
380 2777 551 2837 communis
582 2778 616 2834 in
635 2768 716 2858 fiio
744 2791 847 2834 rensm
876 2771 1030 2835 censium

69 2889 206 2980 »(ᾰγορᾰ)
232 2889 286 2956 ubi
305 2889 396 2955 multi
419 2912 459 2954 ns
474 2889 626 2979 fisgiant,
649 2885 876 2952 cautodiuntus.
920 2885 1028 2970 Alter,

70 3007 141 3073 »uli
164 3021 268 3073 coenss
294 3031 399 3073 eorum
412 3009 478 3096 fit,
502 3013 557 3097 qui
581 3016 671 3070 nocte
694 3013 938 3092 congngunnsr,
962 3025 1032 3068 cor·
1149 3079 1155 3092 ,

71 3133 236 3196 »menonis
256 3133 381 3192 nomine
400 3125 574 3215 appellenis
598 3119 860 3212 (supposuique).
907 3123 1031 3189 Tertius

72 3250 127 3308 »in
154 3241 263 3316 media,
284 3251 428 3333 regione,
453 3240 507 3308 ubi
531 3265 625 3332 quam
652 3247 789 3306 macinas
807 3239 948 3306 desertus
967 3241 1029 3328 syl·

74 3369 257 3452 mesenque
282 3361 368 3429 Iocus
393 3374 455 3445 est,
478 3361 623 3452 sapplics‘i
642 3357 808 3450 (τιμωρίας)
832 3363 957 3422 nomine
978 3379 1030 3421 no-

76 3477 267 3568 -utrn(1).”
292 3533 296 3540 .
513 3493 516 3506 ·

114 3597 234 3680 Nemo,
257 3593 377 3662 indicta
399 3596 510 3681 causi,
534 3597 610 3662 civia
634 3593 717 3685 apud
741 3591 948 3660 Athenienses
975 3613 1030 3680 po

73 3729 151 3780 terat
169 3715 204 3778 in
222 3707 383 3780 carcerem
404 3715 522 3806 abripi,
545 3712 644 3780 modo
661 3713 755 3780 rades
774 3711 907 3779 idoneos
927 3708 1027 3779 daret.

74 3831 181 3920 ltaque
203 3846 236 3896 et
260 3853 361 3898 sonos
384 3832 544 3924 praecepit
562 3832 595 3896 in
608 3829 810 3919 jurejurando
829 3829 1030 3896 Ssnatonsm:

72 3971 129 4015 sne
146 3971 333 4041 quemquam
353 3950 483 4018 vinculis
496 3948 698 4033 maderent,
722 3955 785 4012 nisi
799 3954 913 4038 siquis
928 3947 974 4013 ad
985 3955 1028 4013 ci·

102 4219 141 4288 (1)
159 4219 234 4272 Plurs
261 4217 338 4270 lrsbsi
364 4231 460 4269 scarus
486 4216 512 4266 in
533 4210 708 4264 metas.
750 4209 818 4276 Quas
837 4227 912 4278 quun
933 4210 1033 4262 nonnisi

162 4309 373 4362 consociaturum
391 4306 518 4368 alliciant,
537 4304 579 4356 lile
597 4317 647 4354 non
665 4302 802 4355 telesinus.
