2460 4530
646 279 688 343 36

193 486 308 549 cationi
322 483 505 572 juvenilium
519 481 766 572 delinquentium
781 482 950 551 destinatis.
977 487 1013 550 In
1029 486 1160 554 Badera

195 603 261 690 (ubi
275 617 347 669 ante
363 624 480 692 paucos
496 602 612 667 abhinc
626 625 725 666 annos
737 603 804 690 ipse
820 599 886 667 vidi
899 601 1016 668 rudera
1027 579 1162 670 horren-

142 701 146 718 ·
193 719 225 784 di
249 721 383 787 carceris
399 718 592 808 judiciorum
611 719 837 801 Vemieorum‚
861 721 969 786 subter
991 723 1161 788 castellum

193 837 304 904 ducale
318 839 432 928 inipso
447 837 526 903 urbe
537 835 674 924 Badera)
693 859 802 902 career
819 836 1056 928 Freiburgensis
1073 839 1159 906 inter

190 957 337 1023 meliores
351 971 398 1022 est
413 953 626 1021 collocandus.
672 953 844 1020 Laudabile
862 954 1043 1044 exemplum
1059 957 1156 1022 etiam

191 1076 361 1165 praebent:
386 1071 627 1140 Franoofumum
649 1071 691 1138 ad
714 1072 886 1156 Moenum,
904 1075 1039 1157 Brema,
1057 1075 1157 1140 Ham·

123 1251 132 1272 ,
190 1192 334 1280 burgum.
389 1189 426 1253 In
458 1211 556 1278 reguo
589 1187 764 1272 Saronico,
792 1187 987 1256 Waldhemii
1015 1191 1156 1257 multum

192 1306 374 1375 emendatus
389 1321 436 1372 est
449 1329 557 1373 career
567 1307 612 1372 ibi
627 1305 784 1373 conditus.
827 1307 960 1398 Egregia
974 1309 1036 1374 bac
1051 1309 1086 1372 in
1100 1333 1153 1392 re¹

191 1426 344 1515 praestitit
358 1425 393 1489 in
407 1422 524 1489 ducam
539 1422 680 1506 Gothae,
698 1423 838 1514 Coburgi
849 1439 883 1488 et
897 1422 1036 1506 Gothae‚
1055 1447 1157 1491 arsa·
1194 1475 1197 1482 .

190 1567 303 1612 mun..
323 1544 361 1609 In
376 1542 582 1627 Hannovera,
595 1540 746 1608 Hamelae
760 1539 916 1606 excellens
931 1555 1031 1606 exstat
1043 1565 1157 1608 carcer

191 1664 242 1728 cui
266 1662 461 1752 praepositus
487 1675 534 1726 est
552 1661 600 1725 vir
621 1659 763 1750 egregius
783 1679 943 1724 boumn.
989 1657 1028 1724 ln
1049 1658 1158 1750 Mega-

188 1777 480 1869 lopoli-Suerinensi
494 1773 917 1865 (Meelrlenburgsohwerin)
940 1767 1094 1840 tractatur
1112 1776 1155 1843 de

189 1917 273 1964 novo
289 1917 416 1960 carcere
431 1890 611 1958 condendo.
648 1891 716 1957 Nee
729 1893 858 1982 Europa
871 1891 1154 1982 Septenuionalis:

190 2011 438 2094 Sueoia,Dania,
450 2009 618 2099 Norwegia
626 2025 734 2075 carent
745 2009 877 2100 egregiis
889 2009 1154 2080 institutionibus.

189 2132 227 2196 ln
245 2128 355 2194 Russin
375 2127 451 2216 fiam
470 2128 510 2192 ab
523 2148 685 2192 nowrsno
699 2125 838 2216 laudata)
858 2127 957 2192 multa
973 2127 1158 2197 introduxe-

190 2261 264 2314 mnt
276 2247 400 2311 honore
411 2243 608 2335 dignissimae
620 2242 794 2309 societates
812 2267 873 2334 pro
893 2245 1027 2334 captivis
1046 2269 1157 2313 emen·

189 2363 301 2432 dandis
315 2362 476 2451 ferturque
488 2361 638 2426 Moseuae
655 2358 835 2425 aedificatus
852 2383 961 2426 career
978 2362 1156 2431 secumdum

190 2482 388 2551 emendatam
403 2480 549 2547 formam.
595 2478 697 2544 Multa
715 2477 773 2567 (uti
787 2481 854 2565 jam
870 2501 964 2570 supra
979 2482 1154 2572 attulimus)

189 2602 286 2668 debet
310 2601 420 2667 Russia
443 2621 566 2665 summo
592 2597 735 2686 Principi
762 2618 933 2681 enarrarre,
970 2601 1153 2690 praeposito

188 2715 449 2782 adurinistrationi
464 2715 565 2779 cultus
578 2712 675 2778 divini
688 2705 919 2802 (montereau
935 2714 1150 2806 Eeredr'enst).

188 2835 226 2900 In
241 2832 394 2915 Polonia,
411 2831 649 2895 humanissimus
662 2852 768 2894 comes
780 2851 940 2914 serasar,
961 2855 1152 2906 uowsanou

189 2958 345 3038 imitatus,
379 2951 492 3018 multas
519 2950 786 3041 peregrinationes
813 2953 847 3016 in
874 2953 966 3025 bunc,
986 2955 1151 3022 sublimem

189 3075 286 3142 linem
306 3072 394 3139 feeit.
439 3068 661 3159 Intempestive
676 3089 752 3133 vero
767 3069 878 3135 turbae
894 3086 1022 3138 exortae
1038 3073 1074 3137 in
1087 3076 1149 3160 ejus

189 3192 291 3284 patria
305 3189 553 3281 prohibuerunt,
575 3184 740 3274 quominus
756 3186 880 3276 egregia
895 3191 1066 3255 conamina
1080 3212 1150 3256 eon·

189 3310 277 3398 sequi
290 3305 420 3398 posset(
442 3304 468 3393 ).

217 3641 257 3708 (1)
274 3641 327 3690 imo
344 3640 410 3707 apud
425 3637 551 3690 Sturum
563 3639 630 3690 baud
648 3638 831 3691 contemnende
847 3643 888 3692 est
906 3655 1006 3692 reorum
1023 3642 1154 3704 custodis,

278 3729 338 3794 qni·
362 3733 401 3780 est
423 3730 542 3780 mirabilis
561 3729 731 3801 hamanitatis.
773 3730 863 3782 Severe
888 3731 916 3780 in
941 3731 1042 3782 illorum
1069 3734 1157 3785 eodioe

278 3818 378 3888 poenali
402 3823 504 3870 caulam
529 3826 568 3872 est
594 3822 626 3872 de
643 3821 751 3872 humans
769 3821 921 3873 momiano
939 3837 1040 3874 reorum
1058 3824 1085 3874 ln
1100 3807 1155 3876 om·

278 3925 335 3962 oete
362 3913 389 3960 et
413 3909 444 3960 de
468 3909 602 3973 elimarit,
621 3911 653 3962 de
672 3925 774 3963 seruum
793 3912 950 3982 sepmliona
966 3912 1098 3982 (mulieres
1115 3916 1155 3967 in·
