2430 4988
657 683 679 744 d

231 892 303 959 Hoc
323 889 496 958 remedium
514 891 652 981 pertinet
670 889 712 956 ad
724 891 861 978 justitiae
876 893 1066 981 repressime
1079 917 1156 984 pro·

186 1013 337 1094 vinciam,
352 1010 467 1101 quippe
480 1009 576 1100 panis
585 1009 722 1097 justitiae
734 1009 965 1099 praeventionis
977 1009 1102 1099 finatice
1111 1011 1155 1078 de

186 1129 400 1220 prevoyance,
417 1126 502 1218 apud
517 1149 632 1208 tuma,
648 1125 781 1214 systeme
789 1125 939 1215 repressis
947 1126 1026 1215 etc.)
1040 1129 1157 1216 priori·

187 1247 246 1312 bus
264 1269 330 1312 nou
342 1245 577 1312 sufficientibus.
621 1242 703 1307 Nam
717 1243 745 1310 si
758 1243 859 1310 minas
873 1243 993 1336 legibus
1008 1265 1157 1336 compre·

186 1364 297 1430 beosas
306 1363 494 1452 exsequitur,
503 1357 1152 1447 deterrebunturadeliuquendohomines.

231 1482 285 1548 Ad
299 1484 326 1547 1.
359 1477 561 1546 [removendo
584 1475 626 1541 ob
647 1484 718 1564 ipso
739 1498 837 1542 carrea
852 1490 925 1544 cett.
971 1478 1044 1542 Huc
1057 1478 1155 1569 inpri-

189 1601 247 1666 mis
282 1598 440 1688 pertinent
464 1593 619 1677 remedia,
644 1593 755 1682 quihus
776 1593 908 1658 civitatis
934 1594 1156 1662 moderatores

189 1731 332 1799 utuntur²
343 1712 384 1780 ad
400 1709 587 1779 detinendos
598 1712 774 1777 hominesa
790 1711 873 1776 vitae
889 1697 1153 1796 ratione,'animo

189 1848 244 1898 aut
271 1831 401 1923 corpori
422 1831 535 1914 noxia,
556 1828 607 1902 vel
621 1825 829 1919 reprimendis
841 1827 991 1894 vitiorum
1003 1831 1156 1896 autinsti·

190 1951 349 2016 tutionum
363 1950 398 2015 in
415 1949 560 2032 civitate,
583 1970 642 2037 per
658 1947 789 2012 abusum
802 1946 969 2011 noxiarum
982 1947 1154 2032 illecebris,

190 2069 237 2134 uti
256 2085 329 2134 sunt
350 2091 382 2134 v.
397 2089 427 2132 o.
443 2067 527 2147 olea,
546 2063 630 2146 ludi,
646 2080 746 2130 sortes
761 2064 944 2155 (loterijen).
981 2063 1158 2132 Prohiben-

191 2185 239 2250 dis
265 2205 365 2272 porro
392 2183 431 2246 iis
457 2181 627 2263 institutis,
659 2203 739 2269 quae
765 2182 990 2248 humanitatem
1020 2184 1159 2251 civitatis

192 2314 387 2366 crescentem
406 2300 615 2388 reprimerent
632 2313 665 2364 et
687 2300 885 2389 contemptui
902 2313 1074 2365 ceterarum
1088 2324 1161 2368 mo·

93 2386 99 2401 ⁸
193 2418 346 2484 ratiorum
364 2417 527 2483 civitatum
549 2432 759 2506 exponerent,
775 2417 822 2487 uti
838 2433 912 2482 sunt
926 2439 957 2484 v.
972 2439 1001 2501 c.
1012 2423 1161 2505 piratae,

194 2533 343 2624 quamdiu
369 2535 544 2600 tolerantur
565 2535 600 2599 in
624 2534 762 2600 civitate.
808 2535 965 2625 Imprimis
981 2555 1055 2601 vexo
1075 2536 1163 2605 tole-

194 2650 448 2719 randotmmani
470 2653 710 2742 Nigrltonorum
728 2666 879 2720 mercam.
925 2652 1044 2719 Verum
1063 2677 1163 2744 quum

195 2772 275 2838 haec
305 2769 347 2836 ad
377 2770 512 2862 singulas
540 2770 680 2836 civitates
703 2770 901 2860 pertineant,
925 2770 1037 2837 oculos
1057 2789 1163 2839 verta·

196 2912 265 2956 mus
286 2889 321 2956 in
344 2887 519 2980 generalius
535 2887 674 2972 malum,
698 2886 785 2976 quod
805 2903 852 2954 est
867 2903 1056 2978 parmenas,
1078 2913 1164 2956 owa-

197 3006 329 3086 drctras5
350 3007 485 3089 malum,
506 3007 629 3098 gravius
653 3027 748 3096 qrmm
771 3005 875 3096 primo
896 3003 1046 3096 adspectu
1062 3006 1164 3074 videri

199 3122 310 3209 possit.
356 3121 484 3210 Optime
503 3123 600 3211 igitur
622 3123 681 3188 sibi
701 3123 844 3190 considet
863 3123 989 3208 civitas,
1012 3125 1163 3216 aiegeuis

203 3239 324 3304 civibus
350 3237 533 3329 opituletur.
590 3237 730 3320 Quantas
754 3240 918 3306 illecebras
945 3255 1063 3332 egestas
1084 3265 1164 3308 con-

203 3355 302 3422 tineat
319 3353 360 3420 ad
377 3353 638 3443 delinquendum,
660 3371 697 3420 ut
712 3356 916 3422 esurientibus
930 3359 992 3423 suis
1006 3373 1039 3424 et
1049 3357 1167 3426 frustra

205 3473 437 3541 clamitantibus
460 3471 578 3562 aliquid
599 3473 705 3540 auxilii
723 3471 834 3540 afferat
853 3497 984 3565 egenus,
1008 3499 1167 3566 quamque

206 3613 314 3657 severe
332 3614 431 3681 aequa
439 3591 568 3658 -Themis
580 3592 614 3658 in
628 3590 842 3680 delinquentes
855 3587 1079 3660 diversissimae
1091 3575 1167 3662 con·

204 3705 332 3776 ditionis
351 3725 384 3776 et
403 3732 519 3793 coeca,
543 3725 674 3797 aequata
692 3709 799 3793 lance,
823 3706 1065 3794 animadvertat,
1080 3711 1166 3778 iuter

179 3893 182 3900 Ι
206 3846 340 3914 egenum
366 3843 419 3892 aut
437 3825 628 3916 locupletem
648 3825 896 3914 delinquentem,
917 3828 1008 3916 hujus
1021 3827 1086 3894 loci
1099 3851 1169 3895 non

69 3965 70 3968 ¹
207 3957 254 4007 est
276 3943 426 4032 exemplis
448 3943 615 4009 illustrare.
661 3943 733 4008 Huc
756 3958 862 4009 autem
882 3967 949 4012 nou
968 3944 1072 4010 solum
1092 3945 1171 4012 facit

208 4059 361 4150 legislatio
382 4059 551 4127 criurinalis
570 4057 627 4126 sed
642 4075 675 4127 et
689 4061 823 4126 maxime
838 4061 948 4128 civilis
996 4059 1093 4143 Quod
1102 4065 1170 4150 jam

207 4176 304 4250 sensit
318 4193 503 4243 sornxnrx
516 4177 645 4244 diceus:
691 4179 788 4244 nMon
803 4179 873 4244 seul
886 4179 962 4244 code
977 4180 1051 4246 civil
1053 4203 1123 4269 par
1133 4203 1172 4246 sc

211 4291 409 4383 ψωμίσω,
428 4293 527 4385 osuit
533 4295 607 4385 plue
619 4295 659 4364 de
676 4295 745 4362 bien
759 4319 798 4364 en
813 4299 938 4364 Franco
949 4320 1009 4387 que
1024 4297 1056 4363 lo
1069 4321 1172 4366 masse
