2422 4538
647 243 692 308 88

160 459 327 547 frumenta
339 462 373 519 iu
386 456 476 518 molis
493 452 688 516 trusatr'lc'bus
697 453 747 517 vel
780 455 996 536 manualibus,
1009 480 1072 546 ope
1090 481 1144 522 scr

181 597 294 640 rorum
311 572 363 638 vel
381 591 534 659 equorum
546 569 760 651 circumactis,
783 571 1090 661 comminuebantur(
1113 575 1140 662 ).

183 691 247 772 Qui
264 713 361 779 quum
383 704 462 754 esset
485 688 575 752 labor
590 686 663 752 satis
685 684 816 770 arduus,
829 704 941 776 postea
956 692 1097 755 usuvenit
1108 707 1145 754 ut

183 809 265 874 servi
276 806 411 874 malefici
421 805 462 872 ad
472 807 553 870 hanc
570 827 701 894 operam
715 827 775 893 pro
789 794 896 893 poena
911 805 1145 874 damnarentur.

226 906 320 990 Unde
329 926 454 1013 phrases
466 946 473 988 :
487 930 521 986 r'n
529 929 701 1011 pistrinum
717 930 780 1005 ire,
800 931 1014 1010 inpistn’uum
1028 925 1153 990 detrudi

187 1057 285 1127 cett,
312 1043 432 1131 saepius
461 1025 543 1130 apud
562 1062 714 1137 rasuram
736 1056 767 1105 et
785 1035 989 1125 unanimius,
1015 1059 1048 1106 et
1068 1042 1154 1132 apud

186 1183 370 1226 crcuaonuu
393 1181 485 1224 sensu
505 1159 743 1247 metaphorico,
766 1176 950 1247 usurpatae,
961 1183 1025 1248 pro
1042 1161 1152 1250 abque

186 1301 220 1342 re
243 1277 379 1364 difficili.
422 1276 509 1339 Caro
529 1299 766 1364 nonnumquam
790 1277 889 1342 verbo
908 1277 1076 1342 moletrina
1091 1280 1153 1344 uti·

185 1409 236 1458 tur
250 1416 310 1484 pro
322 1400 471 1482 pistrino.
511 1391 607 1481 Apud
623 1415 773 1458 norrun:
793 1397 908 1474 neruo,
926 1417 1071 1476 carcere,
1089 1417 1155 1458 mo·

186 1513 310 1577 latrina.
356 1513 521 1578 Ausonius
548 1511 582 1574 in
605 1525 752 1598 poemate
783 1509 964 1573 »Mosella''
991 1509 1031 1574 de
1057 1511 1153 1576 molis

186 1629 325 1695 asinariis
338 1629 496 1716 loquitur,
508 1627 543 1692 in
556 1627 666 1714 quibus
682 1627 778 1708 asini,
793 1626 897 1691 velato
912 1627 1033 1716 capite,
1051 1629 1154 1693 molas

187 1747 452 1836 circumagebant.
498 1744 582 1808 Hinc
605 1743 706 1810 facilis
730 1759 798 1809 erat
820 1745 966 1808 transitus
993 1744 1035 1809 ad
1055 1769 1153 1834 prava

187 1864 365 1952 mancipia,
396 1859 503 1925 minor
531 1861 705 1949 appellata,
736 1883 809 1926 cunr
830 1861 1038 1950 praesepibus
1069 1863 1094 1929 i.
1121 1886 1151 1929 e.

185 1979 289 2044 molis.
335 1978 447 2041 Aucus
471 1999 606 2042 carmus
621 1977 668 2066 (a)
697 1977 811 2063 tradit,
841 1999 993 2042 rnaurrn
1023 2001 1155 2068 operam

188 2117 278 2159 suam
299 2094 411 2181 pistori
432 2093 572 2174 locasse,
600 2092 641 2157 ad
659 2094 780 2160 victum
804 2077 1030 2183 quaerendum,
1058 2111 1153 2184 atque

188 2215 247 2276 hac
275 2211 309 2276 in
340 2201 468 2276 officina
505 2211 671 2276 nomrullas
699 2211 880 2306 comoedias
910 2213 1066 2301 scripsisse
1091 2213 1151 2303 (3)

187 2331 317 2419 Insuper
325 2329 383 2395 sub
392 2328 489 2394 tutela
498 2345 588 2394 erant
599 2328 759 2416 cujusdam
769 2331 930 2426 Numinis:
945 2331 1104 2417 μυλωθρὸς
1114 2374 1152 2390 .-

187 2449 362 2536 προμυλαία
383 2452 454 2524 θεὸς
480 2448 629 2536 appellati
642 2447 701 2536 (4).
739 2449 775 2512 In
805 2451 884 2513 haec
906 2450 1036 2538 pistrina
1059 2449 1154 2540 igitur

190 2568 333 2632 solebant
360 2567 442 2638 servi
457 2580 489 2630 et
515 2566 672 2655 mancipia
686 2564 784 2630 infida
802 2565 929 2630 detrudi
945 2565 1004 2655 (5)
1049 2569 1154 2634 Exstat

191 2723 526 2744 W

112 2811 117 2824 ’
221 2805 260 2866 (Ι)
277 2805 338 2852 Cum
354 2801 453 2867 pistrini
469 2815 549 2864 poena
558 2799 745 2850 similitudinem
762 2801 822 2850 artie
836 2817 950 2865 magnam
964 2802 1061 2853 habere
1075 2803 1159 2854 riden-

281 2899 324 2941 tur
346 2871 408 2941 milii
434 2893 503 2938 rotae
521 2889 626 2954 pedibus
651 2890 802 2951 calcandae,
821 2892 979 2960 (Treadmill)
999 2891 1116 2956 qualibus
1134 2898 1159 2944 in

279 2984 369 3046 Anglia
394 2980 425 3030 ad
445 2981 529 3042 fruges
552 2979 699 3044 pinsendor,
722 2996 802 3043 aquae
822 2982 957 3042 haustum,
976 2983 1158 3035 recentioribus

279 3071 433 3138 temporibus
450 3074 567 3120 utuntur.
633 3085 636 3090 ’

217 3167 257 3230 (2)
275 3163 350 3214 Noot.
372 3162 428 3210 Art.
449 3160 503 3211 tib.
522 3161 578 3219 ΙΙΙ,
597 3175 623 3211 c.
639 3161 666 3212 3.

218 3257 313 3323 (3)(1Ι.
338 3255 415 3318 ipsius
441 3251 567 3301 Curculio
591 3253 659 3301 Actu
682 3251 726 3312 11,
752 3253 831 3302 Scene
849 3253 872 3300 1.

288 3389 291 3394 .
317 3343 413 3408 sQur’n
434 3343 609 3406 reciperatae
628 3343 679 3392 leuc
698 3357 770 3391 eram
785 3345 821 3392 ad
834 3345 987 3408 praesepiis
1004 3347 1112 3402 ruam.”

220 3437 260 3501 (4)
278 3436 336 3484 Jrr.
355 3447 427 3481 socr.
448 3429 580 3480 Onomrrt.
602 3430 655 3482 tib.
677 3431 741 3490 vlt,
760 3447 784 3480 c.
802 3433 852 3484 33.
871 3434 920 3482 rit.
938 3435 965 3485 8.

218 3528 259 3592 (bl
277 3527 332 3574 er
358 3523 383 3570 in
406 3521 486 3570 literis
509 3521 588 3570 aroris
612 3522 690 3586 hujus
713 3537 808 3586 poenae
828 3525 933 3588 vestigia
953 3526 1159 3576 sorraninreniri

281 3629 354 3679 posse
372 3611 498 3672 dicerem,
517 3627 607 3676 nempe
616 3613 641 3660 in
652 3612 734 3662 Libro
744 3612 888 3674 Judteum,
905 3631 962 3681 cap.
981 3618 1028 3675 16,
1049 3617 1092 3668 Vs.
1108 3618 1157 3676 21.

282 3701 400 3765 legimuar
419 3699 525 3763 »Quem
543 3700 610 3763 (scil.
629 3704 739 3766 ursos)
759 3717 818 3752 cum
836 3705 1075 3768 apprehendissent
1093 3707 1158 3756 rtr-

213 3813 216 3817 ·
283 3807 298 3838 r
307 3791 418 3856 lirtir'm,
434 3792 526 3839 rtatim
541 3799 670 3840 eruerunt
682 3793 771 3842 oculos
785 3794 859 3857 ejus,
878 3801 904 3843 et
913 3796 1048 3846 cluserunt
1062 3797 1158 3847 Garum

282 3897 297 3928 a
305 3881 423 3928 vinctum
441 3881 559 3941 catenis,
580 3888 604 3930 et
616 3883 733 3933 clausum
745 3887 774 3934 r'n
783 3886 1158 3953 carcerearolereseceruntss!
