<?xml version="1.0" encoding="UTF-8"?>
<!DOCTYPE html PUBLIC "-//W3C//DTD XHTML 1.0 Transitional//EN"
    "http://www.w3.org/TR/xhtml1/DTD/xhtml1-transitional.dtd">
<html xmlns="http://www.w3.org/1999/xhtml" xml:lang="en" lang="en">
 <head>
  <title>
</title>
<meta http-equiv="Content-Type" content="text/html;charset=utf-8" />
  <meta name='ocr-system' content='tesseract 3.04.00' />
  <meta name='ocr-capabilities' content='ocr_page ocr_carea ocr_par ocr_line ocrx_word'/>
</head>
<body>
  <div class='ocr_page' id='page_1' title='image "./dissertatiojuri00courgoog_0018.png"; bbox 0 0 2430 4988; ppageno 0'>
   <div class='ocr_carea' id='block_1_1' title="bbox 342 1307 740 1381">
    <p class='ocr_par' dir='ltr' id='par_1_1' title="bbox 342 1307 740 1381">
     <span class='ocr_line' id='line_1_1' title="bbox 342 1307 740 1381; baseline -0.003 -2"><span class='ocrx_word' id='word_1_1' title='bbox 342 1307 740 1381; x_wconf 75' lang='lat' dir='ltr'><strong>monnone.</strong></span> 
     </span>
    </p>
   </div>
   <div class='ocr_carea' id='block_1_2' title="bbox 480 1675 640 1704">
    <p class='ocr_par' dir='ltr' id='par_1_2' title="bbox 480 1675 640 1704">
     <span class='ocr_line' id='line_1_2' title="bbox 480 1675 640 1704; baseline 0.013 -2"><span class='ocrx_word' id='word_1_2' title='bbox 480 1675 640 1704; x_wconf 60' lang='lat'><strong>⁴000-</strong></span> 
     </span>
    </p>
   </div>
   <div class='ocr_carea' id='block_1_3' title="bbox 21 1964 1117 4529">
    <p class='ocr_par' dir='ltr' id='par_1_3' title="bbox 21 1964 1117 4439">
     <span class='ocr_line' id='line_1_3' title="bbox 125 1964 1024 2081; baseline 0 -17"><span class='ocrx_word' id='word_1_3' title='bbox 125 1964 302 2064; x_wconf 72' lang='lat' dir='ltr'><strong>libertatis</strong></span> <span class='ocrx_word' id='word_1_4' title='bbox 319 1992 529 2075; x_wconf 59' lang='lat' dir='ltr'><strong>mannum,</strong></span> <span class='ocrx_word' id='word_1_5' title='bbox 554 1991 699 2056; x_wconf 73' lang='lat' dir='ltr'><strong>amum</strong></span> <span class='ocrx_word' id='word_1_6' title='bbox 716 1992 799 2057; x_wconf 69' lang='lat' dir='ltr'><strong>mne</strong></span> <span class='ocrx_word' id='word_1_7' title='bbox 815 1995 1024 2081; x_wconf 59' lang='lat' dir='ltr'><strong>intellectum,</strong></span> 
     </span>
     <span class='ocr_line' id='line_1_4' title="bbox 56 2109 1029 2205; baseline 0.001 -25"><span class='ocrx_word' id='word_1_8' title='bbox 56 2139 162 2205; x_wconf 85' lang='lat' dir='ltr'><strong>quum</strong></span> <span class='ocrx_word' id='word_1_9' title='bbox 184 2137 291 2179; x_wconf 81' lang='lat' dir='ltr'><strong>ansam</strong></span> <span class='ocrx_word' id='word_1_10' title='bbox 313 2113 480 2202; x_wconf 87' lang='lat' dir='ltr'><strong>praebeat,</strong></span> <span class='ocrx_word' id='word_1_11' title='bbox 504 2123 540 2174; x_wconf 89' lang='lat' dir='ltr'><strong>ut</strong></span> <span class='ocrx_word' id='word_1_12' title='bbox 562 2131 600 2174; x_wconf 85' lang='lat' dir='ltr'><strong>ea</strong></span> <span class='ocrx_word' id='word_1_13' title='bbox 622 2109 810 2192; x_wconf 78' lang='lat' dir='ltr'><strong>abutantur,</strong></span> <span class='ocrx_word' id='word_1_14' title='bbox 835 2133 901 2177; x_wconf 89' lang='lat' dir='ltr'><strong>non</strong></span> <span class='ocrx_word' id='word_1_15' title='bbox 920 2114 978 2179; x_wconf 85' lang='lat' dir='ltr'><strong>abs</strong></span> <span class='ocrx_word' id='word_1_16' title='bbox 994 2139 1029 2181; x_wconf 84' lang='lat' dir='ltr'><strong>re</strong></span> 
     </span>
     <span class='ocr_line' id='line_1_5' title="bbox 58 2225 1031 2319; baseline 0.002 -21"><span class='ocrx_word' id='word_1_17' title='bbox 58 2231 188 2300; x_wconf 84' lang='lat' dir='ltr'><strong>videtur</strong></span> <span class='ocrx_word' id='word_1_18' title='bbox 210 2231 286 2295; x_wconf 87' lang='lat' dir='ltr'><strong>mihi</strong></span> <span class='ocrx_word' id='word_1_19' title='bbox 310 2229 483 2319; x_wconf 86' lang='lat' dir='ltr'><strong>paullulum</strong></span> <span class='ocrx_word' id='word_1_20' title='bbox 501 2229 535 2292; x_wconf 90' lang='lat' dir='ltr'><strong>in</strong></span> <span class='ocrx_word' id='word_1_21' title='bbox 555 2225 743 2318; x_wconf 80' lang='lat' dir='ltr'><strong>explicando</strong></span> <span class='ocrx_word' id='word_1_22' title='bbox 767 2231 833 2315; x_wconf 74' lang='lat' dir='ltr'><strong>ejus</strong></span> <span class='ocrx_word' id='word_1_23' title='bbox 855 2253 945 2298; x_wconf 78' lang='lat' dir='ltr'><strong>tenen</strong></span> <span class='ocrx_word' id='word_1_24' title='bbox 961 2235 1031 2300; x_wconf 83' lang='lat' dir='ltr'><strong>sub·</strong></span> 
     </span>
     <span class='ocr_line' id='line_1_6' title="bbox 59 2344 1028 2436; baseline 0.004 -21"><span class='ocrx_word' id='word_1_25' title='bbox 59 2352 182 2416; x_wconf 78' lang='lat' dir='ltr'><strong>sistere.</strong></span> <span class='ocrx_word' id='word_1_26' title='bbox 227 2347 375 2414; x_wconf 84' lang='lat' dir='ltr'><strong>Bifarinm</strong></span> <span class='ocrx_word' id='word_1_27' title='bbox 404 2345 492 2411; x_wconf 88' lang='lat' dir='ltr'><strong>illam</strong></span> <span class='ocrx_word' id='word_1_28' title='bbox 517 2344 755 2436; x_wconf 80' lang='lat' dir='ltr'><strong>intelligendam</strong></span> <span class='ocrx_word' id='word_1_29' title='bbox 781 2369 848 2412; x_wconf 78' lang='lat' dir='ltr'><strong>cose</strong></span> <span class='ocrx_word' id='word_1_30' title='bbox 872 2351 1028 2419; x_wconf 78' lang='lat' dir='ltr'><strong>existimo.</strong></span> 
     </span>
     <span class='ocr_line' id='line_1_7' title="bbox 58 2462 1117 2556; baseline 0.002 -22"><span class='ocrx_word' id='word_1_31' title='bbox 58 2469 203 2534; x_wconf 78' lang='lat' dir='ltr'>Libertas</span> <span class='ocrx_word' id='word_1_32' title='bbox 224 2467 402 2533; x_wconf 69' lang='lat' dir='ltr'><strong>necessario</strong></span> <span class='ocrx_word' id='word_1_33' title='bbox 429 2464 576 2554; x_wconf 76' lang='lat' dir='ltr'><strong>oppositu</strong></span> <span class='ocrx_word' id='word_1_34' title='bbox 595 2464 730 2556; x_wconf 82' lang='lat' dir='ltr'><strong>cogitari</strong></span> <span class='ocrx_word' id='word_1_35' title='bbox 751 2462 846 2532; x_wconf 85' lang='lat' dir='ltr'><strong>(lebet</strong></span> <span class='ocrx_word' id='word_1_36' title='bbox 866 2485 1030 2536; x_wconf 86' lang='lat' dir='ltr'><strong>momento</strong></span> <span class='ocrx_word' id='word_1_37' title='bbox 1114 2496 1117 2504; x_wconf 60' lang='lat'><strong><em>⁴</em></strong></span> 
     </span>
     <span class='ocr_line' id='line_1_8' title="bbox 32 2581 1031 2675; baseline -0.002 -21"><span class='ocrx_word' id='word_1_38' title='bbox 32 2585 246 2675; x_wconf 74' lang='lat' dir='ltr'><strong>,impuluivo,</strong></span> <span class='ocrx_word' id='word_1_39' title='bbox 280 2581 367 2672; x_wconf 89' lang='lat' dir='ltr'><strong>quod</strong></span> <span class='ocrx_word' id='word_1_40' title='bbox 391 2583 426 2647; x_wconf 93' lang='lat' dir='ltr'><strong>in</strong></span> <span class='ocrx_word' id='word_1_41' title='bbox 452 2583 582 2648; x_wconf 90' lang='lat' dir='ltr'><strong>homine</strong></span> <span class='ocrx_word' id='word_1_42' title='bbox 614 2583 787 2666; x_wconf 80' lang='lat' dir='ltr'><strong>constanti,</strong></span> <span class='ocrx_word' id='word_1_43' title='bbox 819 2583 950 2652; x_wconf 74' lang='lat' dir='ltr'><strong>liberum</strong></span> <span class='ocrx_word' id='word_1_44' title='bbox 979 2611 1031 2651; x_wconf 81' lang='lat' dir='ltr'><strong>ar·</strong></span> 
     </span>
     <span class='ocr_line' id='line_1_9' title="bbox 58 2701 1027 2790; baseline 0.006 -24"><span class='ocrx_word' id='word_1_45' title='bbox 58 2703 185 2768; x_wconf 80' lang='lat' dir='ltr'><strong>bttrtum</strong></span> <span class='ocrx_word' id='word_1_46' title='bbox 208 2718 359 2784; x_wconf 84' lang='lat' dir='ltr'><strong>vocatm,</strong></span> <span class='ocrx_word' id='word_1_47' title='bbox 387 2701 479 2788; x_wconf 87' lang='lat' dir='ltr'><strong>eique</strong></span> <span class='ocrx_word' id='word_1_48' title='bbox 505 2701 649 2768; x_wconf 85' lang='lat' dir='ltr'><strong>innatum</strong></span> <span class='ocrx_word' id='word_1_49' title='bbox 678 2717 725 2766; x_wconf 73' lang='lat' dir='ltr'><strong>eet</strong></span> <span class='ocrx_word' id='word_1_50' title='bbox 750 2701 903 2790; x_wconf 84' lang='lat' dir='ltr'><strong>(quamvls</strong></span> <span class='ocrx_word' id='word_1_51' title='bbox 919 2729 1027 2772; x_wconf 80' lang='lat' dir='ltr'><strong>servus</strong></span> 
     </span>
     <span class='ocr_line' id='line_1_10' title="bbox 59 2817 1029 2909; baseline 0 -21"><span class='ocrx_word' id='word_1_52' title='bbox 59 2820 231 2909; x_wconf 73' lang='lat' dir='ltr'><strong>noscano).</strong></span> <span class='ocrx_word' id='word_1_53' title='bbox 251 2869 254 2876; x_wconf 34' lang='lat'><strong>⁴</strong></span> <span class='ocrx_word' id='word_1_54' title='bbox 280 2817 534 2885; x_wconf 75' lang='lat' dir='ltr'><strong>Fundamentum</strong></span> <span class='ocrx_word' id='word_1_55' title='bbox 561 2821 626 2906; x_wconf 81' lang='lat' dir='ltr'><strong>ejus</strong></span> <span class='ocrx_word' id='word_1_56' title='bbox 647 2819 742 2884; x_wconf 85' lang='lat' dir='ltr'><strong>situm</strong></span> <span class='ocrx_word' id='word_1_57' title='bbox 761 2835 809 2885; x_wconf 87' lang='lat' dir='ltr'><strong>est</strong></span> <span class='ocrx_word' id='word_1_58' title='bbox 823 2821 857 2887; x_wconf 91' lang='lat' dir='ltr'><strong>in</strong></span> <span class='ocrx_word' id='word_1_59' title='bbox 870 2821 1029 2888; x_wconf 81' lang='lat' dir='ltr'><strong>abundan-</strong></span> 
     </span>
     <span class='ocr_line' id='line_1_11' title="bbox 60 2917 1063 3028; baseline 0.002 -26"><span class='ocrx_word' id='word_1_60' title='bbox 60 2933 108 3002; x_wconf 80' lang='lat' dir='ltr'><strong>tia</strong></span> <span class='ocrx_word' id='word_1_61' title='bbox 126 2937 262 3028; x_wconf 81' lang='lat' dir='ltr'><strong>plurium</strong></span> <span class='ocrx_word' id='word_1_62' title='bbox 283 2938 398 3002; x_wconf 79' lang='lat' dir='ltr'><strong>virium</strong></span> <span class='ocrx_word' id='word_1_63' title='bbox 419 2937 725 3026; x_wconf 76' lang='lat' dir='ltr'><strong>psychologicamm.</strong></span> <span class='ocrx_word' id='word_1_64' title='bbox 773 2936 807 3000; x_wconf 84' lang='lat' dir='ltr'><strong>si</strong></span> <span class='ocrx_word' id='word_1_65' title='bbox 828 2917 891 3001; x_wconf 84' lang='lat' dir='ltr'><strong>una</strong></span> <span class='ocrx_word' id='word_1_66' title='bbox 908 2951 1030 3004; x_wconf 88' lang='lat' dir='ltr'><strong>tantum</strong></span> <span class='ocrx_word' id='word_1_67' title='bbox 1060 2937 1063 2946; x_wconf 88' lang='grc'><strong><em>’</em></strong></span> 
     </span>
     <span class='ocr_line' id='line_1_12' title="bbox 60 3052 1027 3139; baseline 0.001 -19"><span class='ocrx_word' id='word_1_68' title='bbox 60 3055 112 3120; x_wconf 77' lang='lat' dir='ltr'><strong>vis</strong></span> <span class='ocrx_word' id='word_1_69' title='bbox 144 3055 287 3120; x_wconf 72' lang='lat' dir='ltr'><strong>mentalis</strong></span> <span class='ocrx_word' id='word_1_70' title='bbox 311 3055 434 3120; x_wconf 87' lang='lat' dir='ltr'><strong>homini</strong></span> <span class='ocrx_word' id='word_1_71' title='bbox 459 3055 592 3135; x_wconf 81' lang='lat' dir='ltr'><strong>inesset,</strong></span> <span class='ocrx_word' id='word_1_72' title='bbox 624 3053 711 3116; x_wconf 89' lang='lat' dir='ltr'><strong>nulla</strong></span> <span class='ocrx_word' id='word_1_73' title='bbox 736 3052 863 3118; x_wconf 82' lang='lat' dir='ltr'><strong>libertus</strong></span> <span class='ocrx_word' id='word_1_74' title='bbox 889 3052 1027 3139; x_wconf 79' lang='lat' dir='ltr'><strong>adesset3</strong></span> 
     </span>
     <span class='ocr_line' id='line_1_13' title="bbox 63 3167 1028 3260; baseline 0.007 -26"><span class='ocrx_word' id='word_1_75' title='bbox 63 3170 157 3258; x_wconf 79' lang='lat' dir='ltr'><strong>quia,</strong></span> <span class='ocrx_word' id='word_1_76' title='bbox 183 3193 256 3234; x_wconf 88' lang='lat' dir='ltr'><strong>cnm</strong></span> <span class='ocrx_word' id='word_1_77' title='bbox 277 3171 376 3234; x_wconf 89' lang='lat' dir='ltr'><strong>homo</strong></span> <span class='ocrx_word' id='word_1_78' title='bbox 401 3171 600 3260; x_wconf 83' lang='lat' dir='ltr'><strong>obtemperet</strong></span> <span class='ocrx_word' id='word_1_79' title='bbox 623 3167 776 3236; x_wconf 84' lang='lat' dir='ltr'><strong>voluntati</strong></span> <span class='ocrx_word' id='word_1_80' title='bbox 801 3169 943 3256; x_wconf 84' lang='lat' dir='ltr'><strong>divinae,</strong></span> <span class='ocrx_word' id='word_1_81' title='bbox 967 3175 1028 3241; x_wconf 87' lang='lat' dir='ltr'><strong>hac</strong></span> 
     </span>
     <span class='ocr_line' id='line_1_14' title="bbox 61 3278 1031 3381; baseline 0.003 -27"><span class='ocrx_word' id='word_1_82' title='bbox 61 3287 218 3376; x_wconf 75' lang='lat' dir='ltr'><strong>mperiori</strong></span> <span class='ocrx_word' id='word_1_83' title='bbox 242 3287 404 3353; x_wconf 86' lang='lat' dir='ltr'><strong>voluntate</strong></span> <span class='ocrx_word' id='word_1_84' title='bbox 429 3287 566 3354; x_wconf 78' lang='lat' dir='ltr'><strong>(lucium.</strong></span> <span class='ocrx_word' id='word_1_85' title='bbox 612 3289 659 3352; x_wconf 82' lang='lat' dir='ltr'><strong>Ex</strong></span> <span class='ocrx_word' id='word_1_86' title='bbox 681 3278 741 3354; x_wconf 76' lang='lat' dir='ltr'><strong>hac</strong></span> <span class='ocrx_word' id='word_1_87' title='bbox 763 3290 875 3357; x_wconf 84' lang='lat' dir='ltr'><strong>vin&#39;um</strong></span> <span class='ocrx_word' id='word_1_88' title='bbox 898 3293 1031 3381; x_wconf 75' lang='lat' dir='ltr'><strong>psycho-</strong></span> 
     </span>
     <span class='ocr_line' id='line_1_15' title="bbox 56 3403 1026 3494; baseline 0.003 -25"><span class='ocrx_word' id='word_1_89' title='bbox 56 3403 230 3494; x_wconf 70' lang='lat' dir='ltr'><strong>logu‘carum</strong></span> <span class='ocrx_word' id='word_1_90' title='bbox 264 3403 456 3471; x_wconf 79' lang='lat' dir='ltr'><strong>abundantia</strong></span> <span class='ocrx_word' id='word_1_91' title='bbox 478 3406 642 3471; x_wconf 83' lang='lat' dir='ltr'><strong>innumera</strong></span> <span class='ocrx_word' id='word_1_92' title='bbox 670 3423 839 3474; x_wconf 79' lang='lat' dir='ltr'><strong>nascuntur</strong></span> <span class='ocrx_word' id='word_1_93' title='bbox 862 3423 1026 3473; x_wconf 85' lang='lat' dir='ltr'><strong>momenta</strong></span> 
     </span>
     <span class='ocr_line' id='line_1_16' title="bbox 59 3522 1024 3614; baseline -0.001 -26"><span class='ocrx_word' id='word_1_94' title='bbox 59 3523 173 3606; x_wconf 85' lang='lat' dir='ltr'><strong>animi,</strong></span> <span class='ocrx_word' id='word_1_95' title='bbox 196 3524 256 3590; x_wconf 81' lang='lat' dir='ltr'>sibi</span> <span class='ocrx_word' id='word_1_96' title='bbox 273 3547 368 3614; x_wconf 84' lang='lat' dir='ltr'><strong>saepe</strong></span> <span class='ocrx_word' id='word_1_97' title='bbox 391 3525 594 3590; x_wconf 82' lang='lat' dir='ltr'><strong>vehementer</strong></span> <span class='ocrx_word' id='word_1_98' title='bbox 617 3524 783 3614; x_wconf 84' lang='lat' dir='ltr'><strong>opposita,</strong></span> <span class='ocrx_word' id='word_1_99' title='bbox 803 3522 897 3611; x_wconf 79' lang='lat' dir='ltr'><strong>(quae</strong></span> <span class='ocrx_word' id='word_1_100' title='bbox 911 3543 1024 3606; x_wconf 86' lang='lat' dir='ltr'><strong>nemo,</strong></span> 
     </span>
     <span class='ocr_line' id='line_1_17' title="bbox 62 3623 1030 3732; baseline 0.001 -27"><span class='ocrx_word' id='word_1_101' title='bbox 62 3641 124 3705; x_wconf 74' lang='lat' dir='ltr'><strong>nisi</strong></span> <span class='ocrx_word' id='word_1_102' title='bbox 149 3657 293 3706; x_wconf 78' lang='lat' dir='ltr'><strong>comtum</strong></span> <span class='ocrx_word' id='word_1_103' title='bbox 318 3642 437 3723; x_wconf 88' lang='lat' dir='ltr'><strong>homo,</strong></span> <span class='ocrx_word' id='word_1_104' title='bbox 461 3623 673 3707; x_wconf 79' lang='lat' dir='ltr'><strong>conscientiae</strong></span> <span class='ocrx_word' id='word_1_105' title='bbox 698 3640 845 3729; x_wconf 76' lang='lat' dir='ltr'><strong>impulsui</strong></span> <span class='ocrx_word' id='word_1_106' title='bbox 868 3640 1030 3732; x_wconf 80' lang='lat' dir='ltr'><strong>obtempe-</strong></span> 
     </span>
     <span class='ocr_line' id='line_1_18' title="bbox 59 3757 1069 3850; baseline 0.007 -28"><span class='ocrx_word' id='word_1_107' title='bbox 59 3779 153 3841; x_wconf 83' lang='lat' dir='ltr'><strong>ram,</strong></span> <span class='ocrx_word' id='word_1_108' title='bbox 176 3760 391 3850; x_wconf 74' lang='lat' dir='ltr'><strong>consttlngere</strong></span> <span class='ocrx_word' id='word_1_109' title='bbox 419 3773 452 3824; x_wconf 88' lang='lat' dir='ltr'><strong>et</strong></span> <span class='ocrx_word' id='word_1_110' title='bbox 478 3757 650 3825; x_wconf 74' lang='lat' dir='ltr'><strong>secundum</strong></span> <span class='ocrx_word' id='word_1_111' title='bbox 677 3758 809 3824; x_wconf 76' lang='lat' dir='ltr'><strong>honon&#39;s</strong></span> <span class='ocrx_word' id='word_1_112' title='bbox 832 3757 882 3824; x_wconf 83' lang='lat' dir='ltr'><strong>vel</strong></span> <span class='ocrx_word' id='word_1_113' title='bbox 904 3760 1028 3828; x_wconf 78' lang='lat' dir='ltr'><strong>virtutis</strong></span> <span class='ocrx_word' id='word_1_114' title='bbox 1066 3823 1069 3828; x_wconf 91' lang='lat'>.</span> 
     </span>
     <span class='ocr_line' id='line_1_19' title="bbox 61 3874 1030 3968; baseline 0.008 -28"><span class='ocrx_word' id='word_1_115' title='bbox 61 3875 146 3968; x_wconf 76' lang='lat' dir='ltr'><strong>leges</strong></span> <span class='ocrx_word' id='word_1_116' title='bbox 170 3874 288 3944; x_wconf 83' lang='lat' dir='ltr'><strong>ducere</strong></span> <span class='ocrx_word' id='word_1_117' title='bbox 310 3893 417 3968; x_wconf 76' lang='lat' dir='ltr'><strong>potest</strong></span> <span class='ocrx_word' id='word_1_118' title='bbox 443 3892 476 3943; x_wconf 88' lang='lat' dir='ltr'><strong>et</strong></span> <span class='ocrx_word' id='word_1_119' title='bbox 498 3875 539 3942; x_wconf 85' lang='lat' dir='ltr'><strong>ad</strong></span> <span class='ocrx_word' id='word_1_120' title='bbox 561 3901 659 3944; x_wconf 89' lang='lat' dir='ltr'><strong>unum</strong></span> <span class='ocrx_word' id='word_1_121' title='bbox 681 3893 877 3945; x_wconf 85' lang='lat' dir='ltr'><strong>momentum</strong></span> <span class='ocrx_word' id='word_1_122' title='bbox 899 3883 1030 3968; x_wconf 88' lang='lat' dir='ltr'><strong>conjun-</strong></span> 
     </span>
     <span class='ocr_line' id='line_1_20' title="bbox 62 3993 1032 4088; baseline 0.004 -28"><span class='ocrx_word' id='word_1_123' title='bbox 62 4017 156 4084; x_wconf 78' lang='lat' dir='ltr'><strong>gere,</strong></span> <span class='ocrx_word' id='word_1_124' title='bbox 181 3993 268 4082; x_wconf 86' lang='lat' dir='ltr'><strong>quod</strong></span> <span class='ocrx_word' id='word_1_125' title='bbox 292 4009 339 4060; x_wconf 85' lang='lat' dir='ltr'><strong>est</strong></span> <span class='ocrx_word' id='word_1_126' title='bbox 357 3995 487 4062; x_wconf 76' lang='lat' dir='ltr'><strong>uberum</strong></span> <span class='ocrx_word' id='word_1_127' title='bbox 502 3995 686 4081; x_wconf 76' lang='lat' dir='ltr'><strong>arbitrium,</strong></span> <span class='ocrx_word' id='word_1_128' title='bbox 707 3997 790 4062; x_wconf 86' lang='lat' dir='ltr'><strong>viam</strong></span> <span class='ocrx_word' id='word_1_129' title='bbox 811 3995 929 4088; x_wconf 83' lang='lat' dir='ltr'><strong>eligens</strong></span> <span class='ocrx_word' id='word_1_130' title='bbox 948 3999 1032 4066; x_wconf 85' lang='lat' dir='ltr'><strong>inter</strong></span> 
     </span>
     <span class='ocr_line' id='line_1_21' title="bbox 62 4111 1032 4205; baseline 0.007 -30"><span class='ocrx_word' id='word_1_131' title='bbox 62 4111 186 4176; x_wconf 92' lang='lat' dir='ltr'><strong>bonum</strong></span> <span class='ocrx_word' id='word_1_132' title='bbox 209 4127 264 4178; x_wconf 87' lang='lat' dir='ltr'><strong>aut</strong></span> <span class='ocrx_word' id='word_1_133' title='bbox 284 4111 429 4202; x_wconf 73' lang='lat' dir='ltr'><strong>molum).</strong></span> <span class='ocrx_word' id='word_1_134' title='bbox 468 4114 610 4179; x_wconf 80' lang='lat' dir='ltr'><strong>Libertas</strong></span> <span class='ocrx_word' id='word_1_135' title='bbox 631 4115 726 4205; x_wconf 84' lang='lat' dir='ltr'><strong>igitur</strong></span> <span class='ocrx_word' id='word_1_136' title='bbox 744 4129 792 4178; x_wconf 87' lang='lat' dir='ltr'><strong>est</strong></span> <span class='ocrx_word' id='word_1_137' title='bbox 810 4136 848 4180; x_wconf 84' lang='lat' dir='ltr'><strong>en</strong></span> <span class='ocrx_word' id='word_1_138' title='bbox 862 4116 926 4198; x_wconf 77' lang='lat' dir='ltr'><strong>vis,</strong></span> <span class='ocrx_word' id='word_1_139' title='bbox 952 4139 1032 4204; x_wconf 87' lang='lat' dir='ltr'><strong>quae</strong></span> 
     </span>
     <span class='ocr_line' id='line_1_22' title="bbox 21 4230 1029 4320; baseline 0.005 -28"><span class='ocrx_word' id='word_1_140' title='bbox 21 4299 24 4306; x_wconf 57' lang='grc'>,</span> <span class='ocrx_word' id='word_1_141' title='bbox 61 4250 213 4317; x_wconf 70' lang='lat' dir='ltr'><strong>superam</strong></span> <span class='ocrx_word' id='word_1_142' title='bbox 233 4230 354 4319; x_wconf 83' lang='lat' dir='ltr'><strong>reliqua</strong></span> <span class='ocrx_word' id='word_1_143' title='bbox 370 4231 494 4296; x_wconf 81' lang='lat' dir='ltr'><strong>minora</strong></span> <span class='ocrx_word' id='word_1_144' title='bbox 508 4247 670 4297; x_wconf 87' lang='lat' dir='ltr'><strong>momenta</strong></span> <span class='ocrx_word' id='word_1_145' title='bbox 685 4231 798 4314; x_wconf 87' lang='lat' dir='ltr'><strong>animi,</strong></span> <span class='ocrx_word' id='word_1_146' title='bbox 824 4255 946 4320; x_wconf 84' lang='lat' dir='ltr'><strong>quaque</strong></span> <span class='ocrx_word' id='word_1_147' title='bbox 959 4234 1029 4298; x_wconf 85' lang='lat' dir='ltr'><strong>vice</strong></span> 
     </span>
     <span class='ocr_line' id='line_1_23' title="bbox 65 4343 1032 4439; baseline 0.003 -25"><span class='ocrx_word' id='word_1_148' title='bbox 65 4343 105 4414; x_wconf 82' lang='lat' dir='ltr'><strong>ad</strong></span> <span class='ocrx_word' id='word_1_149' title='bbox 129 4346 324 4414; x_wconf 83' lang='lat' dir='ltr'><strong>voluntatem</strong></span> <span class='ocrx_word' id='word_1_150' title='bbox 351 4350 549 4439; x_wconf 82' lang='lat' dir='ltr'><strong>primariam,</strong></span> <span class='ocrx_word' id='word_1_151' title='bbox 581 4349 686 4416; x_wconf 85' lang='lat' dir='ltr'><strong>animo</strong></span> <span class='ocrx_word' id='word_1_152' title='bbox 715 4365 924 4439; x_wconf 82' lang='lat' dir='ltr'><strong>conceptam,</strong></span> <span class='ocrx_word' id='word_1_153' title='bbox 948 4349 1032 4417; x_wconf 79' lang='lat' dir='ltr'><strong>foras</strong></span> 
     </span>
    </p>

    <p class='ocr_par' dir='ltr' id='par_1_4' title="bbox 845 4491 858 4529">
     <span class='ocr_line' id='line_1_24' title="bbox 845 4491 858 4529; baseline 0 0"><span class='ocrx_word' id='word_1_154' title='bbox 845 4491 858 4529; x_wconf 84' lang='lat' dir='ltr'><strong>l</strong></span> 
     </span>
    </p>
   </div>
   <div class='ocr_carea' id='block_1_4' title="bbox 0 0 1238 4988">
    <p class='ocr_par' dir='ltr' id='par_1_5' title="bbox 0 0 1238 4988">
     <span class='ocr_line' id='line_1_25' title="bbox 0 0 1238 4988; baseline 0 0"><span class='ocrx_word' id='word_1_155' title='bbox 0 0 1238 4988; x_wconf 95' lang='lat' dir='ltr'><strong> </strong></span> 
     </span>
    </p>
   </div>
  </div>
 </body>
</html>
