2430 4988
59 955 121 1022 »de
149 969 247 1021 tontes
271 956 316 1020 les
345 956 405 1019 lois
427 961 483 1044 qui
508 952 604 1019 m'ont
618 953 789 1042 pre‘ce‘de'.’'
832 955 933 1022 Porro
959 975 1026 1022 aas·

59 1097 183 1140 aronnr
199 1073 258 1159 lois
274 1071 403 1163 penales
414 1070 516 1137 Tume
534 1072 597 1156 111,
616 1094 691 1163 pag.
720 1078 790 1154 ml.
813 1073 909 1164 (apud
928 1051 1031 1140 nnuas'

58 1213 122 1282 up.
146 1191 231 1258 laud.
256 1215 291 1280 p.
319 1189 605 1279 164)etT0m.1,
629 1213 680 1278 ¹7·

108 1307 173 1375 ad.
186 1310 229 1374 A.
251 1306 482 1374 Utilluutrnndu
491 1305 644 1372 libertatis
653 1312 863 1373 notionecett.
886 1309 1024 1390 lustum,

62 1427 100 1490 in
114 1426 241 1491 civitate
254 1421 441 1508 ordinanda,
456 1423 677 1511 aequilibrium
686 1425 859 1513 aequiritur
871 1426 954 1490 inter
967 1426 1027 1490 sin·

63 1541 142 1632 gula
157 1544 222 1626 ejus
234 1541 373 1606 membra
385 1555 418 1606 et
432 1539 529 1606 linem
543 1541 603 1606 sibi
621 1543 835 1632 propositum:
859 1558 895 1608 ut
913 1565 1028 1632 nempe

64 1659 102 1722 in
116 1672 186 1722 tuto
204 1658 265 1723 sint
277 1659 362 1724 cives
377 1679 549 1746 eorumque
556 1661 639 1745 justa
650 1659 797 1743 libertas,
811 1675 844 1726 et
858 1676 894 1726 ut
906 1661 1026 1752 legibus

56 1775 309 1862 ‘jusanum
320 1775 507 1841 reverend.
531 1773 966 1866 stemmatenmaenus
979 1750 1029 1846 vei

57 1891 191 1982 politica
215 1883 394 1959 definienda
414 1893 493 1959 erit:
527 1905 682 1984 upote-stus
691 1895 843 1984 faciundi
861 1897 911 1980 td,
944 1898 1030 1988 quud

63 1996 202 2075 »nmini
218 2011 361 2093 noceat‚”
381 2025 414 2076 et
432 2011 563 2100 insuper
576 2011 656 2076 haee
666 2012 821 2076 sententia
836 2014 946 2098 quevis
958 2037 1029 2078 moa

64 2144 176 2194 mento
199 2129 310 2194 animis
328 2129 443 2196 civium
460 2126 647 2194 insinuanda
662 2127 742 2194 erius
764 2119 829 2192 ¹»sie
841 2151 920 2218 age,
940 2143 976 2194 ut
988 2129 1028 2194 tt-

65 2244 174 2310 bertas
192 2259 482 2336 montemaltum
502 2245 644 2312 libertae
658 2259 792 2312 exrema
806 2253 943 2314 omnium
957 2271 1028 2314 eun-
1100 2241 1103 2246 ’

64 2365 314 2455 eisterepueett.”
357 2363 412 2429 sic
425 2362 570 2430 ordinata
582 2365 724 2448 civitate,
746 2379 779 2430 et
792 2387 884 2431 sensu
899 2367 979 2432 recti
994 2383 1027 2433 et

34 2504 39 2514 ·
63 2483 156 2574 aequi
176 2483 290 2548 sensim
314 2482 491 2570 sensimque
510 2483 544 2546 in
561 2483 677 2548 civium
694 2481 822 2566 animis,
844 2507 903 2574 per
920 2485 1026 2576 legum

61 2599 315 2692 providentiam,
339 2599 563 2684 corroborato,
586 2599 688 2665 omnis
709 2599 787 2666 falsa
807 2600 960 2667 libertatis
977 2604 1026 2668 in·

61 2718 248 2807 terpretatio
270 2715 430 2782 adimitur.
476 2717 540 2782 Ubi
562 2739 637 2782 vero
655 2717 766 2784 turbae
784 2718 818 2783 in
836 2720 963 2785 civitate
976 2720 1025 2786 in·

61 2834 202 2924 iringumt
212 2833 318 2924 legum
330 2833 490 2924 vigorem3
506 2835 561 2900 ubi
576 2833 770 2925 singulorum
785 2836 955 2900 commoda
969 2837 1026 2900 sub
1128 2923 1133 2934 ⁵

62 2951 190 3042 specie·
205 2951 359 3016 libertatis
380 2951 551 3035 hominu?
572 2969 604 3017 et
618 2953 757 3016 clamore
776 2975 849 3039 »pro
861 2957 974 3040 patria
988 2951 1026 3016 ll·

65 3067 218 3132 bernat’
232 3069 363 3132 vineunt
380 3069 509 3156 antiqua
520 3067 626 3156 legum
638 3081 859 3150 monumenta,
877 3067 931 3133 hic
946 3089 1025 3134 nun·

60 3207 162 3276 uquam
185 3183 336 3250 libertatis
362 3187 527 3252 notionem
556 3185 658 3275 probe
685 3185 941 3276 interpretabitur
964 3188 1023 3253 hu·

61 3305 185 3372 minum
206 3304 426 3371 inconstantia.
667 3349 670 3356 ·

58 3465 61 3470 -
105 3419 269 3488 Addamus
295 3437 328 3487 et
356 3421 511 3488 libet-tutte
537 3424 703 3490 notionem
723 3421 843 3488 Ιιοηιίιιί
860 3429 1021 3506 innatam,
1133 3435 1135 3441 ’

62 3539 107 3605 de
124 3543 210 3627 cnjus
230 3540 262 3605 ri
286 3554 319 3605 et
338 3538 480 3605 efficacia
498 3541 533 3604 in
551 3539 691 3604 actiones
715 3551 748 3601 et
771 3539 868 3601 vitam
886 3537 1022 3603 hominis

59 3651 269 3724 ordinandam
289 3661 355 3746 jam
375 3680 469 3747 supra
488 3655 633 3722 vidimus.
755 3722 761 3734 ,

55 3795 59 3802 ·
106 3775 195 3841 Haec
213 3777 259 3841 ita
279 3798 353 3842 eum
374 3797 550 3841 murman
569 3771 693 3839 definiri
708 3771 842 3862 poterit:
868 3785 1022 3860 »potestas

58 3893 333 3984 nquidlibet'mule
353 3905 412 3958 aut
427 3907 510 3960 tecte
514 3891 669 3981 scrutandi
678 3939 688 3973 ,
712 3913 806 3980 quum
820 3889 904 3980 leges
918 3893 1022 3958 mode-

56 4025 209 4094 ·rantur,
232 4019 279 4075 sie
301 4025 337 4076 ut
355 4005 474 4076 tuntum
484 4010 583 4101 sacta
596 4009 964 4096 innoeiapermlttuut:”
979 4045 1023 4062 -

58 4126 238 4194 Addamus:
275 4127 381 4219 nsacta
397 4151 468 4193 uero
483 4127 637 4192 damnm
656 4125 899 4207 dissuadeant;’'
925 4150 1022 4215 quum

60 4245 270 4336 cogitndones
285 4261 317 4312 et
331 4267 467 4335 pugnarn
478 4246 652 4326 internam,
664 4243 890 4310 'conscientiam
899 4244 975 4328 justi
990 4259 1024 4308 et

61 4366 153 4454 aequi
168 4365 252 4431 inter
268 4379 300 4429 et
315 4363 478 4430 illecebras
493 4361 657 4444 vitiorum,
677 4359 833 4430 moderari
850 4373 1018 4446 nequeant.
