2430 4988
45 961 188 1007 noscere
212 939 323 1005 solitos
345 939 456 1022 brisce,
481 941 534 1028 qui
552 929 692 1029 quamvis
707 944 788 1011 cives
804 947 938 1015 Romani
955 975 1020 1018 non

47 1073 180 1141 essent,
197 1071 312 1124 ‚tamen
340 1059 374 1123 in
402 1056 490 1124 Urbe
514 1060 712 1145 habitarent,
741 1078 773 1128 et
799 1063 839 1130 de
860 1067 1021 1135 vilioribus

42 1177 255 1260 hominibus,
279 1175 320 1241 de
347 1176 443 1242 serris
468 1173 730 1266 delinquentibus.
783 1180 1022 1263 Quaestionibus

43 1295 221 1386 perpetuis
234 1291 374 1359 nondum
388 1291 595 1379 introductis,
618 1293 764 1363 videntur
780 1299 876 1365 etiam
892 1299 932 1367 de
947 1303 1021 1368 alio-

49 1436 134 1478 rum
147 1410 361 1478 maleficorum
376 1411 495 1477 scelere
511 1415 706 1503 cognovisse.
831 1438 833 1444 ’

104 1528 278 1619 Republica
301 1551 379 1596 nero
402 1527 444 1594 ad
462 1531 553 1594 unius
575 1531 737 1629 arbitrium
760 1533 904 1620 induem,
926 1539 1022 1604 Prae·

41 1648 140 1738 secti
162 1647 237 1715 Urbi
252 1647 384 1713 instituti
405 1661 493 1729 sunt,
516 1647 569 1734 qui
585 1647 757 1716 secundum
776 1651 800 1717 l.
819 1675 847 1718 1.
862 1657 913 1736 54
918 1655 971 1745 ff
984 1656 1024 1720 de

64 1766 164 1857 Offic.
195 1767 306 1856 Praes.
340 1763 414 1832 llrb.
443 1769 494 1850 jus
518 1765 676 1831 habebant
698 1767 963 1838 animadvertendi
989 1773 1024 1838 in

54 1889 183 1966 emnia,
207 1905 288 1974 quae
313 1881 568 1982 admitterentur,
592 1881 615 1944 i.
645 1904 675 1947 e.
703 1882 880 1970 inquirendi
905 1888 940 1953 in
964 1890 1025 1954 cri.

53 2001 157 2067 mina.
203 2000 266 2066 Per
282 1998 471 2066 indirectum
491 2013 524 2064 et
539 2021 661 2064 reorum
674 1989 816 2064 erestodta
830 2000 871 2066 ad
886 2025 941 2068 eos
953 2027 1025 2094 per·

56 2117 204 2205 tinebat.
241 2116 391 2182 latrones
414 2117 654 2181 aStanonants
672 2113 828 2182 indicatos
851 2120 923 2209 capi
939 2121 1026 2207 jube·

60 2235 144 2300 bant
167 2255 226 2323 per
250 2235 441 2324 apparitores
468 2234 649 2322 carcerique
675 2233 818 2315 mandari
837 2236 1023 2323 Praesides,

61 2351 224 2441 Praefecti
241 2366 274 2417 et
293 2350 501 2417 Pmconsules
517 2351 552 2416 in
567 2353 749 2441 provinciis.
786 2353 829 2418 lli
843 2356 1027 2422 Stationen‘r‘

63 2485 153 2538 erant
183 2470 298 2536 milites
326 2469 361 2534 in
390 2469 484 2534 certis
515 2469 596 2535 loeis
623 2469 791 2555 collocati,
821 2475 958 2564 primum
984 2475 1025 2542 ab

64 2611 207 2656 insumo
235 2587 391 2670 instituti,
425 2587 536 2676 quibus
563 2604 706 2678 praeerat
732 2590 933 2659 Irenarckas.
988 2594 1025 2658 ln

65 2729 223 2774 carcerem
251 2729 319 2772 non
340 2719 490 2794 poterant
515 2705 652 2795 aliquem
679 2707 853 2795 conjicere,
877 2707 933 2774 sed
949 2709 1027 2798 fugi·

64 2825 145 2891 tivos
169 2823 381 2915 deprebensae
404 2824 438 2888 in
466 2821 609 2889 custodia
631 2825 779 2890 retinere.
825 2825 969 2907 Remoti,
992 2843 1028 2891 nt

64 2943 151 3032 pacis
182 2943 363 3006 turbatores
391 2963 410 3005 a
436 2963 617 3006 ruonosro
640 2957 673 3006 et
699 2958 868 3024 noronro,
891 2941 1027 3007 restituti

64 3075 136 3125 sunt
161 3081 180 3123 a
202 3080 401 3124 rnsrrruno.
447 3058 497 3124 De
521 3058 799 3124 commentariensi
820 3061 946 3148 ejusque
968 3059 1027 3124 mi·

67 3175 171 3242 nistris
190 3173 364 3242 ridebimus
384 3173 426 3241 ad
444 3175 568 3258 locum,
595 3173 652 3240 ubi
670 3175 837 3264 loquemur
861 3173 901 3242 de
923 3200 1028 3266 poena

67 3293 201 3361 carceris
222 3294 281 3360 sub
302 3294 546 3384 Imperatoribus
568 3293 761 3359 Christianis.
787 3293 830 3379 (r.
847 3316 877 3358 c.
901 3291 985 3360 adl.
1007 3293 1026 3359 5

70 3413 144 3480 cod.
165 3411 335 3501 Theodec.)
368 3408 538 3476 Videamus
554 3433 640 3476 nune
656 3409 697 3476 de
710 3409 784 3496 ipsis
796 3408 1027 3496 imperatorum

67 3530 314 3595 Christianorum
340 3527 477 3618 legibus,
500 3549 580 3615 quae
603 3526 770 3591 maximam
795 3537 919 3612 partem
943 3525 1030 3590 inve·

66 3647 191 3712 niuntm
217 3647 253 3712 in
280 3643 393 3712 Codice
422 3643 640 3708 Theodosiana
664 3640 724 3731 (a).
776 3639 918 3731 Singulas
944 3640 1029 3742 leges

66 3766 311 3848 recensebimus,
323 3760 473 3830 addentes
481 3760 646 3827 nonnullas
655 3757 950 3842 animadversiones,
965 3760 1028 3826 huc

67 3884 267 3972 pertinentes.
314 3879 387 3963 Qua
409 3881 444 3945 in
464 3901 500 3944 re
520 3878 612 3944 simul
634 3879 760 3944 meritos
780 3900 906 3943 urrann
921 3875 1030 3943 laudes

69 3999 192 4066 silentio
208 3999 360 4090 obtegere
376 3994 600 4062 dubitaremus.
978 3968 1002 3999 ⁹

94 4270 134 4336 (1)
151 4271 190 4320 ct.
216 4269 248 4321 ad
271 4271 340 4337 leges
366 4267 471 4321 dedicit
500 4265 675 4320 modenam·
693 4265 740 4316 virt
757 4267 851 4333 egregii
868 4281 1032 4319 terronam

160 4359 246 4419 editio.
