2438 4972
194 905 233 949 ne
259 879 357 948 libros
381 878 509 970 quidem
525 879 563 944 iis
583 877 802 946 concedebant
819 881 951 945 carceris
966 885 1159 974 praepositi,

191 1023 252 1066 nec
278 998 380 1066 ullum
408 995 651 1082 adminiculum,
678 1018 741 1088 quo
767 1019 832 1063 uno
853 1021 953 1089 eoque
972 1000 1161 1069 brevissimo

190 1118 343 1208 temporis
372 1132 493 1208 puncto
518 1113 696 1183 horrendae
712 1117 796 1182 vitae
812 1115 1003 1184 conditionis
1018 1119 1162 1186 oblivisci

190 1252 330 1328 possent.
378 1233 535 1317 Querelae
563 1249 596 1300 et
621 1235 756 1325 gemitus
779 1235 978 1326 captivorum
1003 1238 1109 1304 statim
1130 1255 1164 1304 et

189 1379 297 1423 severe
325 1353 626 1444 comprimebantur.
679 1349 961 1420 Admonitionibus
995 1355 1162 1422 custodum

190 1498 258 1540 non
268 1471 508 1556 sufficientibus,
522 1471 745 1538 obtmamento
757 1473 910 1564 gementis
923 1495 960 1538 os
970 1473 1159 1542 farciebant.

191 1592 392 1659 Obstinamm
411 1588 614 1654 nihilominus
634 1590 793 1680 captivum
808 1613 867 1681 per
884 1589 1009 1680 aliquot
1025 1590 1095 1658 dies
1109 1591 1163 1660 lla·

190 1711 279 1803 gellis
301 1731 360 1800 per
379 1729 520 1774 cameras
541 1707 696 1799 agebant,
716 1705 830 1776 eadem
843 1731 947 1800 poena
961 1709 1164 1802 infligebatur

189 1827 388 1912 rixantibus,
413 1829 467 1916 qui
486 1841 562 1892 tunc
584 1827 766 1918 promiscue
787 1825 915 1919 flogell'u
936 1826 1161 1896 caedebantur.

189 1947 301 2037 Neque
327 1946 432 2037 alique
454 1947 546 2034 hujus
572 1969 697 2036 poenae
721 1947 895 2038 mitigatio,
922 1969 982 2038 pro
1007 1969 1082 2013 sexu
1106 1965 1162 2014 aut

191 2083 293 2135 aetate
322 2063 573 2133 concedebanu:
605 2064 748 2156 puellae,
781 2065 988 2150 monastriae,
1013 2081 1163 2156 augustae

188 2201 352 2250 mamonae
374 2183 496 2274 palem,
521 2181 673 2266 nudatae,
697 2184 876 2250 saevissime
896 2183 1101 2276 vapulabant.
1119 2225 1162 2238 -

232 2301 303 2365 Hac
330 2297 515 2365 conditione
541 2299 728 2383 utebantur,
752 2301 812 2365 sub
830 2300 928 2367 finem
946 2301 1071 2370 Saeusli
1084 2302 1162 2387 XV,

190 2417 307 2505 captivi
323 2416 358 2479 in
378 2415 592 2502 Inquisitionis
614 2416 794 2482 carceribus
808 2416 873 2507 (1),
896 2419 961 2501 ita,
986 2435 1021 2484 ut
1036 2419 1164 2486 aedium

188 2531 388 2601 ordinatione
412 2544 532 2596 mutata
550 2547 584 2596 et
604 2529 793 2616 emendata,
817 2531 1020 2600 detentorum
1033 2558 1104 2602 sors
1120 2553 1168 2605 ta·

188 2675 263 2719 men
289 2647 401 2716 eadem
424 2661 577 2716 maneret.
623 2647 698 2714 Non
718 2665 767 2714 est
780 2649 877 2740 igitur
891 2647 978 2738 quod
993 2651 1167 2740 miremur,

190 2770 349 2864 captivos,
372 2789 466 2859 saepe
492 2789 571 2834 nece
595 2765 793 2852 voluntarie,
817 2745 993 2835 emiseriis
1018 2783 1050 2835 et
1075 2770 1168 2838 into·

191 2889 315 2959 lembili
345 2885 529 2954 conditione
558 2907 625 2952 sese
652 2884 813 2953 liberasse.
864 2885 966 2977 Magis
993 2890 1165 2956 commise-

184 3006 301 3089 -randi,
333 3006 387 3094 qui
410 3005 494 3071 torte
516 3005 594 3072 huic
619 3005 788 3070 tentationi
813 3005 1014 3090 restitissent,
1046 3005 1165 3098 depro-

192 3125 360 3190 mebantur
382 3145 401 3188 e
426 3143 570 3206 carcere,
597 3120 638 3188 ed
656 3123 813 3190 cmciatus
829 3122 1022 3206 horrendos,
1046 3126 1080 3190 in
1097 3148 1165 3192 can

191 3241 319 3312 uilicum
331 3240 502 3306 transituri.
541 3238 709 3306 Sufficiant
717 3244 785 3327 jam
800 3242 879 3309 haee
894 3239 935 3306 de
950 3242 1164 3328 Inquisitionis

193 3361 370 3432 carceribus
382 3357 444 3449 (α)
650 3352 652 3360 ’

219 3528 261 3596 (l)
276 3526 397 3580 ltlmirnm
418 3525 446 3575 in
468 3523 603 3592 Hispanis,
627 3538 686 3575 nam
711 3538 798 3577 serem
820 3526 970 3591 ceteroquin
992 3525 1169 3579 lusitanomm

283 3615 420 3682 Inquisitio
433 3615 514 3682 tyndt
528 3616 622 3684 (oss).
641 3615 669 3666 in
686 3615 759 3667 ludis
769 3617 891 3668 Orientali
907 3616 1071 3682 mitigabstar
1081 3617 1171 3670 tauta-

282 3706 329 3758 tut
343 3721 405 3757 curs
422 3721 522 3758 reorum
539 3706 694 3768 incarcere,
712 3707 781 3772 quod
798 3707 829 3758 sd
845 3709 1005 3770 altmontem,
1016 3709 1169 3771 mutuum,

283 3795 404 3850 officiales
425 3811 551 3848 carcerem
569 3797 701 3848 visitantes
719 3802 747 3848 et
760 3799 876 3863 querelas
891 3801 1048 3866 captivorum
1063 3799 1172 3852 audien-

284 3892 342 3950 tes,
368 3884 486 3955 pasllosm
508 3885 640 3938 mullerem
664 3888 842 3940 tractationem
858 3906 873 3940 a
888 3889 1055 3952 custodibus,
1073 3889 1174 3943 reddita

283 3980 351 4030 bons
375 3977 408 4028 stt
433 3977 549 4044 captivos
574 3979 747 4045 pertinentis,
768 3983 881 4048 tempore
898 3981 1054 4032 detentionis
1072 3982 1169 4048 elapso.

285 4070 324 4120 ct.
339 4083 363 4120 s.
380 4085 412 4118 ns
428 4083 605 4132 assensisse,
621 4069 812 4137 t'lssqss'ss'ts'oss
827 4073 971 4124 Fresoas'ss
985 4087 1020 4124 sss
1034 4073 1172 4125 l’ts'stss'rs

287 4161 320 4208 de
335 4159 363 4211 ts
377 4157 508 4221 Bastitls,
527 4159 603 4210 tomo
620 4159 651 4223 l,
671 4161 789 4214 Prooem.
808 4161 843 4213 tt
857 4177 929 4227 seqq.

224 4245 264 4310 (2)
281 4247 320 4298 ct.
336 4263 388 4299 noa
406 4265 472 4298 ross
489 4263 604 4301 assesso
621 4265 755 4303 ttossars
769 4253 795 4302 in
811 4267 897 4320 opere,
914 4252 1171 4322 quottpsetnrssn-

286 4337 325 4388 cis
342 4337 438 4390 etlislits
458 4338 576 4390 Histoire
593 4342 710 4407 critique
727 4343 759 4394 ets
775 4343 960 4409 t's’stqstss'ts'oss
976 4343 1142 4413 d'Sspsqsss.
