2430 4988
530 222 572 286 89

56 441 112 496 νε.
137 427 174 509 33
200 428 347 509 2⁰·235
380 443 412 493 et
433 451 463 494 o.
488 432 546 510 it,
575 451 620 494 vs.
641 430 705 518 14).
751 429 839 496 Tunc
864 433 947 496 enim
972 430 1026 498 de·

67 561 166 610 misus
192 545 296 610 estin
325 567 500 629 carcerem,
530 546 584 611 ubi
610 547 706 612 ceteri
730 548 807 638 regii
831 551 944 639 captivi
970 547 1024 616 de·

69 664 260 728 sinebantur.
323 661 497 752 Praepositi
537 663 672 736 carceris
711 663 850 730 favorem
882 665 928 755 (ι)
966 669 1025 732 sibi

66 797 233 870 tantopere
257 779 500 863 conciliaverat,
523 795 560 846 ut
579 803 743 846 rossanus
766 781 929 848 custodem
950 806 1025 848 con·
1076 769 1081 781 ’

66 901 209 966 stitueret
238 913 414 964 ceterorum
438 896 655 982 detentorum,
685 899 823 964 muneris
844 922 925 988 pene
947 900 1027 965 obli·

69 1032 119 1081 tus
141 1017 201 1082 sui.

113 1131 207 1222 Apud
215 1132 322 1200 affines
332 1153 525 1214 ureteras,
538 1147 616 1198 teste
630 1155 724 1198 suma
736 1132 781 1222 (in
792 1155 871 1200 voce
882 1137 1024 1216 ναιάὸον,

70 1265 285 1316 etmnonoro
306 1251 389 1338 (Lib.
404 1251 461 1316 111.
477 1273 507 1316 c.
524 1249 576 1339 οδ)
599 1249 662 1340 (a),
686 1252 780 1326 etiarn
799 1275 871 1318 usus
893 1257 1027 1342 narcems
1069 1293 1071 1311 ι

70 1369 285 1434 inveniebatur
308 1384 341 1434 et
365 1391 442 1434 vero
467 1368 582 1434 mirum
606 1370 639 1434 in
663 1366 793 1434 modurn
816 1373 1029 1438 tractabantur

69 1486 199 1574 captivi,
224 1509 320 1573 quum
340 1487 445 1552 aeneis
468 1486 585 1551 catenis
606 1485 793 1575 ligarentur,
815 1488 848 1551 in
875 1488 950 1553 loco
974 1491 1028 1576 qui

71 1601 235 1668 audiebat:
268 1604 506 1694 Heliotrnpeza5
543 1626 651 1669 verum
682 1603 764 1668 hano
792 1626 861 1668 rem
893 1627 959 1669 non
984 1622 1031 1670 est

72 1717 160 1806 quod
183 1733 348 1809 tantopere
370 1723 538 1804 miremur,
567 1743 662 1809 quum
689 1717 854 1786 tribuenda
875 1721 916 1786 sit
941 1722 1032 1787 aesti-

70 1837 205 1902 marioni
223 1813 317 1920 fers,
341 1837 424 1928 apua
447 1861 502 1904 ω,
523 1837 682 1904 usnimi.

112 1954 160 2018 Ex
175 1951 297 2020 duobus
308 1955 471 2022 literamm
487 1977 644 2022 sacrarum
660 1955 753 2040 locis,
766 1979 895 2046 nempe:
915 1956 1029 2024 Gener.

67 2075 127 2155 41,
151 2094 196 2138 vs.
224 2076 282 2155 νά,
306 2088 339 2138 et
359 2073 467 2164 Exod.
489 2095 547 2156 ta,
567 2095 611 2140 vs.
637 2073 694 2155 26,
710 2089 812 2163 patet,
831 2073 913 2163 apud
930 2097 1029 2140 ancr-

68 2211 155 2254 rrros
172 2189 207 2254 in
223 2211 314 2256 usum
330 2189 424 2256 fiune
441 2191 589 2256 cisternas
605 2191 655 2256 vel
667 2205 798 2280 puteos,
821 2193 876 2258 ubi
891 2208 1031 2282 captivos

69 2305 299 2373 cristodiebaut.
347 2305 435 2372 Idem
459 2329 498 2374 ex
518 2307 586 2372 aliis
602 2307 763 2374 literarum
777 2331 935 2374 sacrarum
951 2309 1031 2374 loeis

67 2439 154 2514 patet
181 2422 222 2490 de
246 2423 376 2490 diversis
407 2425 551 2515 populis,
591 2424 732 2490 cisternis
762 2423 937 2504 exsiccatis,
969 2447 1029 2511 pro

69 2543 245 2608 carceribus
259 2543 424 2631 murpatis.
448 2543 527 2608 Aliis
536 2541 631 2623 loeis,
641 2563 755 2628 nempe
770 2537 854 2627 apud
864 2561 1029 2604 sensuum

69 2659 260 2746 Prophetam
286 2660 388 2748 agitur
410 2657 451 2724 de
477 2681 622 2740 carcere,
646 2653 830 2745 (secundum
845 2656 1030 2746 interpretes

62 2774 188 2864 puteo),
211 2777 244 2841 in
265 2799 360 2863 quem
377 2773 519 2842 desimus
536 2790 598 2859 est,
614 2797 679 2840 non
694 2797 787 2863 aqua,
802 2799 912 2840 renim
926 2799 1030 2841 crasso

69 2891 136 2957 luto
152 2891 250 2982 pleno
265 2891 323 2980 (3).
369 2893 450 2958 'l'um
466 2891 507 2957 de
525 2893 620 2983 cippo
638 2891 791 2980 quodam,
809 2893 943 2956 maxime
956 2914 1030 2956 con·

96 3218 137 3286 (t)
152 3219 200 3283 Qui
224 3217 323 3269 ridetur
349 3217 428 3268 mnu
447 3217 497 3268 tux
519 3217 652 3268 emtodnm
668 3219 781 3286 corporis
797 3219 939 3284 regiorum,
958 3225 1036 3286 atque

155 3311 182 3360 in
209 3309 266 3374 eins
296 3308 402 3360 mullo
432 3307 639 3360 evomuntur
668 3311 762 3377 septici
793 3293 941 3374 (arassetis
969 3313 1037 3368 Ιον.

156 3397 263 3465 flecht).

102 3485 142 3555 (2)
159 3482 257 3538 »Ἀπὸ
278 3488 328 3551 τῆς
353 3485 452 3555 κρήνης
475 3483 508 3537 δὲ
530 3485 791 3552 ἀπαλλασσομένων,
816 3489 932 3556 ἀραρεῖν
957 3493 1039 3553 σφέας

161 3576 212 3634 sir
237 3576 422 3646 δεσμωτήριον
442 3573 566 3647 despite,
592 3575 667 3628 Mn
690 3577 921 3638 tricasinensis
939 3582 1039 3653 πέδῃσι

161 3682 177 3714 ο
185 3663 313 3732 χρυσέῃσι
329 3663 479 3714 oraison».
512 3663 577 3721 'Ere
593 3662 626 3714 di
642 3665 670 3715 is
688 3666 809 3717 τούτοισι
828 3677 899 3720 τοῖσι
917 3671 1038 3734 Αἰθίοψ

163 3754 295 3805 »πόντον
314 3751 328 3800 ὅ
346 3753 447 3820 χαλινὸς
464 3747 654 3805 oneremur
673 3755 720 3804 sni
739 3755 914 3818 ονμιότοτον.

104 3845 144 3914 (3)
161 3847 293 3909 laturi,
312 3861 368 3912 οιρ.
386 3847 438 3908 88,
459 3861 496 3897 rs.
516 3845 550 3908 6,
569 3843 605 3908 7,
626 3845 667 3898 ta.
