2430 4988
189 829 397 896 saluberrimis
423 825 697 892 constitutionibus
721 847 825 890 sanvrr
851 847 869 890 a
897 847 1085 904 ruounuo
1106 851 1147 892 su·

191 969 291 1014 russo
311 947 495 1038 abrogatum
510 960 567 1012 est.
612 943 769 1034 Tempore
781 944 822 1008 X
833 943 1001 1028 Wmmm,
1026 947 1148 1037 vigenti·

176 1067 245 1132 ¹bus
273 1063 393 1156 legibus
420 1064 493 1128 XII
520 1061 731 1146 Tabularum,
764 1059 957 1128 horrendam
984 1061 1145 1136 crudelia·

176 1199 275 1266 tem,
306 1183 420 1248 mirum
445 1181 479 1246 in
503 1177 651 1262 modum,
677 1202 750 1244 curn
775 1177 932 1244 laudanda
955 1181 1142 1246 humanitate

190 1299 464 1392 conjungentibus,
499 1298 640 1364 obaerati
670 1298 756 1364 necti
787 1296 951 1381 solebant,
985 1299 1139 1364 observati

189 1433 296 1484 tamen
316 1413 522 1506 praecedente
547 1411 794 1502 adjudicatione,
816 1414 924 1480 autin
944 1436 1075 1481 carcere
1089 1417 1138 1506 pri

184 1549 262 1600 rato
288 1533 454 1598 contineri.
508 1529 580 1613 Qua
604 1533 638 1597 in
662 1554 699 1598 re
720 1534 764 1598 ita
781 1530 956 1622 procedere
983 1534 1136 1600 solebant:
1189 1509 1192 1666 1

187 1647 341 1732 debitori,
362 1647 534 1714 secundnm
551 1648 628 1740 legis
644 1649 741 1714 rerba
754 1647 800 1738 (r)
818 1665 988 1739 postquam
1006 1673 1058 1717 aes
1075 1653 1138 1718 alie·
1190 1669 1192 1720 t

80 1759 84 1770 '
186 1789 260 1832 narn
282 1766 473 1858 agnovisset,
493 1781 547 1832 aut
567 1765 704 1855 ajudice
723 1766 783 1832 rite
801 1783 834 1832 et
845 1766 987 1856 legitime
999 1769 1141 1836 condem·

186 1899 277 1950 natus
310 1899 405 1971 esset,
426 1885 523 1976 {XXX
550 1883 615 1951 dies
641 1883 682 1950 ad
709 1885 875 1974 pecuniam
898 1886 1144 1975 conquirendam

186 2001 359 2088 dabannn,
381 2019 418 2069 ut
446 2005 482 2070 ed
511 2003 702 2070 satisfaceret
731 2000 948 2070 creditoribus.
1002 2005 1092 2072 Tunc
1120 2007 1143 2071 si

184 2121 268 2186 intra
290 2123 354 2186 boc
377 2120 528 2209 temporis
551 2121 688 2210 spatium
706 2143 772 2185 non
788 2119 946 2204 solvisset3
969 2121 1068 2190 fiebat
1081 2147 1143 2190 rna-

184 2237 384 2325 nus-injectio
394 2237 431 2304 in
440 2237 527 2320 foro,
539 2253 670 2328 propter
680 2239 900 2304 executionem
907 2243 1082 2309 sententiae
1087 2241 1141 2332 (a)

185 2351 248 2435 Qui
270 2351 443 2437 debitorm,
467 2353 606 2419 stetim
624 2369 700 2421 orno
719 2357 897 2423 satisfacere
914 2381 980 2424 non
999 2335 1145 2449 poteratis

185 2467 409 2552 creditoribus,
426 2485 531 2536 tamen
544 2470 671 2536 liberari
685 2488 849 2562 poterant,
865 2476 891 2540 si
905 2475 1018 2564 aliquis
1031 2478 1144 2544 νίιιᾰα

183 2609 243 2680 pro
259 2589 298 2654 iia
313 2586 494 2678 sponderet.
540 2587 678 2674 Verum,
700 2591 727 2655 si
747 2591 801 2658 hic
817 2615 883 2658 non
897 2615 916 2658 a
930 2592 1077 2662 debitore
1090 2594 1144 2662 da·

63 2723 66 2730 ·
181 2721 284 2792 retur,
299 2703 450 2773 creditori
460 2709 511 2794 jus
527 2707 744 2798 competebat,
756 2710 842 2776 huuc
854 2710 979 2778 domm
992 2713 1158 2799 mend,

181 2826 217 2892 io
231 2826 387 2917 privabam
400 2848 561 2892 carcerem
577 2825 789 2915 conjiciendi,
812 2829 920 2918 ibique
932 2830 1065 2898 vinculis
1077 2833 1144 2897 riu·

183 2943 302 3030 ciendi,
319 2944 430 3035 (modo
443 2968 556 3012 nervus
570 2961 624 3012 aut
636 2946 805 3038 compedes
816 2947 878 3014 XV
893 2947 1003 3038 pondo
1016 2972 1084 3015 non
1097 2973 1144 3016 su·

182 3062 341 3150 perorent)
367 3063 473 3150 ibique
494 3063 584 3129 illum
608 3063 692 3130 alere
714 3063 850 3131 debebat
871 3067 932 3131 nisi
953 3065 1082 3134 debitor
1103 3066 1143 3134 de

181 3199 238 3242 ruo
264 3183 363 3243 viver-a
391 3179 510 3247 mallet.
555 3181 644 3246 Haec
675 3184 740 3270 ejus
765 3180 907 3248 conditio
931 3200 1001 3250 erat
1023 3208 1084 3275 per
1100 3185 1142 3252 60

183 3293 272 3378 dies,
294 3295 321 3360 si
348 3296 443 3361 etiam
468 3311 543 3362 trrnc
567 3320 617 3363 rea
638 3299 767 3390 nanagi
792 3299 881 3365 nullo
903 3299 1003 3367 modo
1018 3318 1142 3392 posset,

180 3413 279 3480 tribus
299 3413 460 3483 Nunds'm's
484 3413 521 3503 (ι.
549 3436 580 3482 e.
602 3414 729 3506 singulis
752 3437 774 3504 9
795 3415 916 3508 diebus)
939 3416 1066 3484 debitor
1088 3443 1144 3510 po

180 3547 264 3598 terat
285 3555 305 3598 a
323 3530 481 3598 creditore
496 3531 630 3622 produci
645 3533 680 3598 in
692 3533 814 3619 forum,
834 3535 892 3600 ubi
908 3531 1008 3634 debiti
1020 3559 1144 3603 summa

177 3649 433 3734 renuntiabanrr,
457 3651 530 3739 quia
555 3665 631 3716 tunc
654 3651 823 3742 praecipue
846 3651 956 3717 rustici
975 3675 1015 3719 ex
1029 3654 1141 3721 ticinis

206 3975 246 4041 (1)
262 3977 331 4042 Quae
355 3980 461 4030 serravit
487 3993 566 4030 srrrr
591 3995 716 4044 sarrire,
745 3984 820 4038 boot.
845 3986 900 4038 stt
924 3985 974 4048 20.
997 3987 1021 4040 Ι.
1048 3990 1147 4040 ruris

267 4070 408 4136 »conferet
432 4071 503 4135 (aliis
529 4074 601 4122 orris
628 4075 765 4142 confertos
783 4077 838 4126 τοία
856 4079 985 4144 nossetis
1002 4092 1056 4130 sec.
1078 4093 1144 4130 rra·

267 4161 436 4223 antenore)
445 4161 790 4231 reosqujsrsjudtcots'e,
799 4165 877 4216 m
882 4167 939 4217 dies
946 4168 1021 4232 justi
1030 4169 1144 4220 cottofl

204 4245 244 4312 (2)
262 4247 348 4298 »Post
366 4251 461 4301 duodo
479 4255 716 4320 nam-injectio,
736 4258 768 4309 ts
777 4259 826 4322 jes
839 4257 953 4310 dicito.”
972 4273 1046 4313 crta.
1063 4259 1093 4310 n.
