2430 4988
210 857 483 944 Quemadmodum
495 877 605 924 omnes
615 856 699 922 cives
711 853 848 946 gaudere
864 873 995 946 possunt
1010 859 1133 942 tutela,

167 1019 229 1085 qua
254 995 361 1061 civitas
392 1011 551 1060 externam
585 993 778 1085 singulorum
803 991 919 1058 citium
948 991 1133 1061 libertatem

165 1129 286 1196 tuetur,
320 1115 564 1202 quotiescunque
590 1114 674 1177 intra
700 1110 851 1176 tmminos
880 1106 1130 1194 moderationis,

167 1247 200 1296 et
220 1232 372 1321 inculpati
393 1231 546 1297 libertatis
571 1251 643 1293 usus
666 1243 845 1311 morantur,
872 1228 969 1293 sicet
988 1220 1131 1312 eivimti,

167 1349 293 1438 quando
325 1347 407 1414 male
432 1346 593 1412 intellecta
616 1345 768 1409 libertatis
794 1345 947 1427 notione,
981 1367 1019 1410 ea
1046 1333 1144 1411 cives'

165 1467 353 1548 abutuntur,
374 1469 424 1551 jus
437 1462 609 1552 competit,
633 1461 805 1528 laesionem
821 1459 912 1526 alteri
925 1461 987 1527 civi
1003 1461 1056 1527 vel
1070 1463 1134 1552 ipsi

166 1551 415 1648 semestrem
429 1579 565 1662 naam,
579 1575 770 1661 uaesana,
787 1578 876 1644 ete
891 1578 984 1644 amu
998 1579 1132 1644 ouum

92 1777 96 1783 ¹
162 1700 314 1765 libertatis
327 1697 454 1778 moralis
464 1715 497 1763 et
509 1697 659 1787 politicde
672 1693 853 1762 coercendi.
897 1695 992 1782 Cujus
1004 1695 1132 1762 funesta

163 1811 396 1899 interpretatio,
420 1809 603 1900 praesertim
616 1823 761 1897 tempore
777 1830 930 1872 novamm
943 1830 1049 1873 rerum
1064 1831 1130 1874 sus-

164 1927 327 1993 citatarum
339 1943 372 1993 et
384 1925 547 1993 trrrbartmr
558 1927 593 1992 in
604 1926 747 2008 civitate,
773 1923 830 2013 (uti
845 1927 910 2012 jam
921 1947 1015 2014 supra
1027 1927 1130 1992 verbo

163 2042 393 2133 admonuimus)
424 2045 522 2109 latum
557 2062 705 2131 campum
743 2042 845 2130 aperit
873 2041 975 2107 omnis
1005 2045 1132 2133 generis

162 2162 356 2227 criminibus.
524 2237 529 2244 ¹

206 2277 279 2341 Hoc
301 2281 351 2363 jus
372 2275 432 2340 sibi
453 2289 657 2364 competens,
682 2291 806 2344 exercet
819 2285 935 2366 poenis
955 2277 1132 2346 scribendis
1162 2298 1167 2308 ·

163 2410 195 2460 et
221 2391 441 2480 exsequendis,
479 2415 520 2457 ne
550 2393 694 2459 inanibus
723 2394 834 2479 minis,
871 2395 999 2462 vilescat
1022 2395 1131 2487 legum
1196 2445 1198 2450 ,

161 2511 343 2576 auctoritas.
405 2510 541 2578 Omnem
572 2534 650 2576 vero
680 2511 824 2577 inutilem
857 2513 1062 2578 acerbitatem
1095 2531 1130 2581 et

163 2626 381 2694 crudelitatem
407 2649 425 2694 e
450 2629 573 2720 legibus
599 2629 812 2702 criminalibus
835 2629 959 2695 excludi
986 2647 1126 2722 oportet.

162 2745 194 2812 N
194 2769 245 2810 am
255 2747 315 2811 hae
328 2769 367 2812 ex
379 2747 508 2835 antiquo
521 2761 688 2836 systemate
700 2745 859 2839 vindictae
875 2747 1028 2815 oriundae
1039 2766 1129 2835 sunt,

161 2864 248 2954 quod
275 2865 333 2931 sub
361 2863 487 2930 diversis
508 2865 688 2955 speciebus,
717 2865 781 2928 vim
804 2887 893 2929 suam
915 2868 1071 2950 exercuit,
1097 2885 1131 2934 et

162 2981 282 3072 legibus
299 3006 524 3073 nonnunquam
541 2983 755 3065 sanciebatur,
778 2982 845 3046 imo
861 3005 899 3046 ex
913 2999 1043 3050 eruenta
1056 3008 1128 3051 san·

124 3111 128 3120 ·
161 3099 263 3186 guinis
284 3100 352 3179 siti,
380 3101 417 3163 iis
441 3099 669 3166 obtendebatur
690 3115 820 3190 agente
845 3116 901 3166 aut
923 3074 1130 3192 popularibus

162 3215 242 3298 suis,
267 3215 321 3302 qui
337 3216 422 3280 hunc
435 3231 599 3281 muentum
614 3216 773 3283 vindictae
789 3217 936 3284 ardorem
948 3242 1012 3284 non
1026 3243 1129 3308 aeqtoe

162 3331 308 3400 ardenter
328 3333 497 3415 sentirent,
527 3347 559 3399 et
581 3356 620 3399 ex
638 3337 758 3420 majore
780 3337 876 3402 animi
896 3337 1125 3428 generositate,

162 3453 369 3520 offensionem
386 3451 518 3517 inultam
531 3451 707 3540 relinquere
722 3451 863 3520 mallent.
909 3455 957 3519 lta
967 3453 1018 3519 rel
1029 3453 1129 3523 hodie

159 3570 213 3634 vix
226 3565 310 3635 nunc
327 3570 513 3636 exstinctum
525 3567 650 3636 videtur
663 3585 798 3659 systema
813 3569 971 3640 vindictae
983 3573 1127 3663 privatae

161 3685 329 3778 (vendettc)
350 3684 434 3777 apud
451 3687 574 3754 Corsos.
619 3686 847 3754 Memmia
867 3690 1004 3756 bumana
1023 3713 1129 3758 emen·

163 3801 269 3888 datio,
292 3803 453 3871 Arcadibus
470 3803 622 3888 suadens,
646 3819 682 3868 ut
697 3804 869 3870 vindictam
893 3809 1026 3896 pecunia
1042 3808 1126 3875 redi·

162 3912 375 4004 merent,'rix
400 3921 482 3986 ullos
510 3920 584 3985 tulit
608 3916 807 4010 fructus(1).
861 3924 910 3989 Ita
935 3940 968 3990 et
990 3941 1127 4014 systema

165 4039 308 4121 talionis,
325 4037 399 4103 lure
415 4038 557 4104 Moesico
569 4037 722 4104 sancitum
738 4053 798 4122 est,
816 4063 913 4129 quum
929 4043 1031 4109 Deum
1046 4066 1126 4110 arm·

185 4269 233 4361 ll)
249 4293 399 4344 letaidau.
417 4289 477 4343 loe.
498 4287 587 4340 llecltl.
605 4287 660 4340 lbi.
679 4289 702 4342 1.
719 4303 741 4343 a.
762 4286 810 4339 ldl
829 4303 899 4353 seqq.
