2438 4972
508 698 571 762 tas

55 914 195 1004 querelas
228 925 406 978 moverunt.
459 908 687 976 Providebatur
714 908 809 974 etiarn
838 895 971 978 Decreta
997 911 1015 975 3

55 1036 167 1100 Mares
183 1033 266 1098 1810
277 1027 460 1096 ordinandis
472 1029 650 1094 carceribus
659 1027 797 1117 politicis
812 1026 858 1116 (s)
875 1027 1018 1116 (Priscus
1155 1033 1159 1042 '

54 1133 197 1240 ddecet),
213 1147 307 1216 simul
323 1164 429 1214 temen
447 1146 595 1215 salutaria
612 1159 782 1236 praecepta
795 1146 1016 1229 Decretcrum,

51 1271 236 1358 ennis179r
260 1283 293 1334 et
309 1289 393 1333 anno
407 1267 453 1331 tx
473 1263 634 1348 letonrm,
659 1285 740 1353 quae
755 1264 880 1329 nonnisi
894 1263 1018 1329 Parisiis

52 1387 203 1454 effectum
218 1385 355 1474 aliquem
368 1385 480 1450 sortita
495 1397 600 1466 erant,
622 1382 769 1448 subversa
783 1397 868 1450 sunt.

52 1535 57 1542 ·
96 1493 280 1570 bocoirone
304 1525 408 1585 mss,
436 1499 477 1566 de
502 1501 699 1590 captivomm
730 1516 815 1566 sorte
846 1499 1018 1583 sollicitus,

52 1620 166 1688 menda
190 1623 226 1686 in
253 1643 290 1686 re
316 1619 492 1685 mrceraria
517 1617 687 1685 emendare
713 1619 832 1685 statuit.
879 1619 1020 1684 Auctore

51 1740 115 1806 sine
148 1739 249 1806 dubio
278 1738 406 1829 egregio
441 1737 533 1820 viro,
570 1734 653 1805 duce
681 1759 1017 1804 essocnneoucsuno·

53 1879 259 1939 ursncoosr,
284 1856 338 1944 qui
361 1854 624 1920 Americsnonun
644 1869 812 1943 systemata
833 1853 874 1921 de
893 1857 931 1922 're
953 1878 1019 1921 car

51 1975 171 2042 cesaria
180 1987 389 2065 cognoverat,
402 1973 536 2038 Decreta
546 1969 798 2063 (Ordonncnce),
817 1972 1020 2063 9Septembrs‘

52 2114 135 2160 enno
154 2091 252 2172 1814
278 2090 366 2174 lato,
403 2091 490 2157 hisce
517 2089 686 2180 praecipue
712 2113 821 2156 meram
853 2089 1016 2184 adhibuit:

53 2209 94 2297 1.)
117 2210 163 2274 Ut
178 2231 289 2276 omnes
305 2206 523 2297 delinquentes
543 2206 706 2291 damnati,
730 2209 784 2297 qui
806 2207 948 2274 nondum
964 2232 1021 2275 an·

51 2349 127 2394 num
142 2328 252 2394 aetatis
265 2349 307 2392 ao
320 2326 512 2417 attigissent,
528 2341 815 2417 transponerentur
831 2350 850 2392 e
863 2327 1019 2418 prioribus

52 2446 231 2512 carceribus
253 2445 295 2512 ad
318 2467 497 2530 carcerem,
527 2468 621 2535 quem
644 2444 799 2513 indicaret
822 2447 1019 2538 praepositus

51 2561 312 2630 administrationi
341 2587 448 2630 renem
478 2564 612 2632 cisium
640 2565 846 2634 internsnsm.
889 2565 947 2654 11.)
975 2565 1019 2630 Ut

49 2681 121 2749 buic
144 2684 264 2749 cercesi
289 2683 467 2772 praefectus
485 2684 630 2773 superior
651 2684 779 2772 abipso
794 2705 869 2773 rege
884 2705 1017 2771 praepo-

45 2816 201 2891 ·uesetur,
226 2801 280 2888 qui
309 2801 417 2866 omnia
441 2799 483 2866 ad
499 2823 659 2866 carcerem
673 2801 864 2888 pertinentia
879 2815 1015 2866 curaret.

52 2917 126 3007 ΙΙΙ.)
155 2919 201 2982 Ut
212 2918 497 2985 biscemuneribus
512 2917 689 3008 praefectus
702 2916 844 2982 'carceris
861 2929 893 2979 et
905 2913 1018 3003 reliqui

52 3033 323 3102 adndnisbatores
345 3037 442 3128 gratis
464 3033 679 3126 frangerentur.
718 3032 791 3122 IV.)
805 3031 906 3106 ,licet
928 3053 1018 3122 prae·

47 3152 141 3219 fectis
156 3155 290 3220 carceris
307 3152 472 3246 designem
489 3151 636 3220 mutodes
655 3151 831 3218 inferiores.
865 3152 1014 3218 Ceterum

48 3270 180 3363 longum
207 3285 271 3356 est,
306 3294 419 3338 omnes
448 3272 587 3363 egregias
614 3269 850 3338 emendationes
884 3267 1014 3356 aliems,

51 3411 130 3478 quae
155 3390 219 3456 boc
244 3389 471 3458 humanissimo
498 3389 628 3456 decreto
658 3389 871 3454 motinentur.
916 3383 1015 3448 Able·

49 3529 157 3596 gaustus
168 3507 265 3598 igitur
274 3507 414 3574 lecturos
431 3505 473 3574 ad
485 3507 602 3574 libnrm
617 3528 711 3596 saepe
727 3505 857 3570 citatasm
873 3523 883 3568 t
908 3502 1013 3568 Neues
1095 3529 1099 3535 ·

48 3624 236 3692 Ammodes
255 3625 511 3693 camaenas
527 3625 585 3714 (Ι).
731 3603 734 3611 ‘

73 3987 114 4052 (l)
131 3985 327 4038 Pulcherrimem
351 3981 459 4032 carceris
483 3978 599 4044 politici,
618 3977 729 4030 ststsstts
746 3973 918 4026 turbatoribus
937 3975 1019 4026 desti.

63 4107 65 4112 ·
141 4077 213 4135 neti,
238 4080 360 4138 refluente
386 4084 572 4128 ssscssoere,
601 4083 691 4134 nempe
715 4066 936 4127 reascendentis,
956 4068 1022 4135 epud

140 4169 261 4242 Taurinos
269 4163 446 4230 (fenestrelle
459 4163 491 4212 tes
501 4161 635 4225 Ps'essesst)
648 4157 843 4224 descriptionem
858 4157 929 4208 dedit
942 4161 1024 4227 scrip·

140 4265 180 4308 ter
197 4257 331 4308 Francicus
349 4271 381 4304 ss
399 4268 523 4304 ssserses
542 4256 568 4304 in
588 4267 663 4304 eurco
683 4250 768 4302 libello
788 4250 916 4304 Pleeiele.

81 4349 121 4414 (²)
139 4347 202 4400 bod.
222 4347 287 4406 Vll,
306 4361 364 4413 pse.
387 4342 534 4398 ses-etr.
