2430 4988
60 114 95 165 et
112 94 253 164 sanitatis
266 114 378 160 eorum
391 113 466 158 cura
482 91 651 156 baberetur
664 87 791 176 (eodem
802 91 929 181 respicit
944 92 967 158 I.
987 117 1019 181 7.

62 216 138 282 Cod.
162 211 319 280 Theodec.
343 231 483 276 nononrr
497 208 595 298 Imp.)
640 205 712 295 IV.)
736 209 826 274 Cavit
842 225 1024 300 contrapo.

56 334 179 400 testatis
191 333 325 397 abusam
337 327 540 408 officialium,
559 325 679 392 carceri
692 327 958 415 praepositam,
969 353 1023 396 eo·

59 473 192 538 nonque
215 448 388 514 avaritiam.
435 444 629 525 Rationalis,
653 442 695 510 ad
719 467 813 532 quem
835 444 974 532 loquitur
992 448 1026 512 in
1128 491 1133 502 .

62 569 163 634 bacca
188 567 258 655 lege
281 566 474 655 Imperator,
499 563 687 652 brngebatru
708 585 839 629 munere
860 563 1025 633 Praesidio.

66 683 166 768 Quod
184 685 275 750 initio
296 684 389 771 hujus
411 681 489 773 legis
509 679 603 746 dicit:
627 689 692 748 sive
711 695 877 749 accusator
890 691 1025 766 erum,

65 811 132 872 rive
152 825 220 868 euos
240 801 390 891 publicae
414 799 633 866 sollicitudinis
653 813 725 866 cett.
751 801 838 866 bisce
858 803 963 869 verbis
979 804 1027 868 in·

67 921 174 988 dicare
202 918 327 986 videtur
359 920 499 1009 privatos
534 933 729 985 accusatores
757 942 885 986 reorum
913 936 945 988 et
973 943 1028 988 ecs

62 1039 115 1130 qui
126 1038 276 1129 publice,
300 1060 339 1104 ex
354 1036 482 1120 officio,
503 1037 537 1100 in
552 1037 637 1102 bunc
651 1035 748 1104 finem
762 1040 923 1104 constituti
939 1057 1029 1106 erant

48 1157 117 1248 (de
137 1157 251 1246 quibus
273 1160 338 1244 jam
362 1153 499 1222 vidimus
520 1154 625 1244 supra)
641 1178 674 1222 v.
692 1178 723 1220 o.
743 1155 1027 1240 canaonem

59 1281 175 1340 norico
195 1297 222 1341 s.
244 1274 359 1339 milites
370 1274 403 1338 in
419 1273 525 1361 aliquo
539 1272 634 1356 loco,
657 1273 744 1364 pacis
759 1272 896 1340 tuendae
912 1290 945 1340 et
956 1297 1028 1341 reo-

55 1415 142 1460 rum
175 1413 302 1457 carcere
332 1389 596 1462 continendomm
624 1413 718 1457 causa
746 1391 933 1458 constitutos
957 1415 1031 1458 oum

54 1508 234 1600 praefectis
254 1509 445 1577 Innorchtr.
490 1509 532 1598 Ι.)
555 1509 654 1600 Igitur
665 1524 701 1576 ut
711 1507 861 1596 vidimus,
874 1512 958 1578 cavit
970 1513 1031 1580 lrn·

53 1643 210 1720 perator,
233 1641 269 1694 ut
289 1649 383 1694 causa
400 1649 530 1700 reorum
548 1628 725 1695 incarcere
736 1631 926 1696 morantium
937 1655 1031 1721 quam

55 1745 232 1812 celerrime
260 1759 468 1829 tractaretur,
497 1746 618 1813 verbis:
642 1755 749 1819 rtatim
774 1748 868 1816 debet
890 1759 1030 1841 quaestio

43 1867 134 1947 fieri
159 1877 234 1932 cett.
263 1887 307 1930 ne
333 1864 398 1947 rei,
422 1861 581 1954 pendente
606 1863 746 1952 judicio,
780 1867 923 1932 custodia
949 1868 1031 1933 clou-

53 1991 198 2074 sorsque
219 1980 409 2072 poenoffirtr
437 1996 661 2048 consumunmt
682 1983 730 2071 (ut
753 1983 891 2070 loquitur
910 2006 1032 2049 Λικυ-

53 2124 125 2169 rrus
151 2100 401 2190 manemus).
455 2102 515 2166 Cui
543 2102 728 2166 humanitati
754 2098 924 2189 respondet
947 2101 969 2164 l.
996 2102 1029 2168 6.

65 2219 149 2287 cod.
182 2219 300 2286 Tteod.
328 2241 504 2302 orarum,
534 2241 765 2284 vammmuru
788 2235 821 2284 et
848 2241 1031 2285 rnuonosrr.

65 2334 145 2420 Quo
171 2335 245 2401 loco
271 2359 337 2402 non
361 2357 524 2426 possumus
551 2359 618 2402 non
642 2335 755 2403 afferre
777 2337 885 2404 locum
907 2361 1033 2404 rrarnrr

61 2454 102 2520 in
125 2452 277 2520 Oratione
294 2457 362 2544 moi
377 2459 441 2524 niro
454 2456 612 2541 δεσμωτῶν
636 2452 675 2519 ad
697 2479 905 2522 rnaonosrnrr
921 2477 957 2520 rr.
973 2457 1031 2521 ba·

62 2571 135 2638 bita
156 2571 249 2662 (quae
270 2573 374 2638 oratio
397 2589 496 2640 exstat
523 2575 557 2642 ia
584 2596 791 2640 cornornnnr
814 2572 960 2662 operibus
975 2574 1033 2636 mi·

67 2689 201 2755 moribus
221 2689 377 2780 juridicis)
400 2692 453 2780 qui
477 2692 560 2757 inter
579 2690 696 2781 primas
712 2688 947 2755 inhumanitatis
967 2711 1035 2778 spe·

69 2808 153 2892 cies,
175 2831 255 2897 quae
276 2791 351 2900 erga
365 2809 505 2893 vinctos,
526 2809 588 2874 illia
603 2795 798 2898 temporibus
815 2805 1033 2887 exercebatur,

70 2941 229 2993 recenset:
242 2926 355 2994 miram
363 2925 548 2994 facilitatem
564 2925 724 3014 judicum,
748 2947 809 3014 qua
824 2938 985 2988 accusatos
1000 2923 1034 2986 in

71 3065 233 3111 carcerem
251 3045 430 3130 mitterent,
453 3060 485 3112 et
500 3043 695 3135 negligenter
710 3041 907 3108 versarentur
918 3040 952 3104 in
968 3063 1036 3104 mu-

72 3185 147 3228 nere
170 3185 228 3228 suo
254 3159 337 3228 adeo
364 3177 420 3245 ut,
444 3161 520 3228 dum
543 3159 754 3250 voluptatibus
775 3156 980 3248 indulgebant
1005 3173 1038 3224 et

72 3281 210 3347 honores
238 3281 426 3372 Imperatori
454 3278 578 3346 debitos
607 3277 845 3368 praetexebant,
868 3277 955 3342 bisce
979 3277 1038 3341 im·

76 3396 177 3485 pediri
193 3421 271 3490 prae
287 3421 320 3466 se
336 3397 473 3482 ferrent,
498 3395 663 3486 quominus
678 3411 805 3484 possent
822 3392 982 3464 attendere
1000 3391 1039 3456 ad

80 3535 200 3583 caluam
222 3537 350 3583 reorum
372 3513 581 3583 tractandam.
637 3495 640 3500 ¹
