2438 4972
536 737 596 804 117

77 969 194 1020 sortem
216 952 430 1042 captivorum,
456 949 496 1016 ad
517 972 656 1041 poenam
677 951 854 1018 triremium
878 953 1044 1025 damnato·

76 1095 166 1156 rum,
201 1091 283 1160 quos
310 1093 373 1136 uua
403 1091 477 1134 cum
506 1091 628 1134 oourrn
653 1093 695 1134 ns
720 1092 846 1156 rorans,
868 1076 1046 1144 triremium

77 1190 256 1280 praefecto,
278 1189 401 1279 saepius
421 1188 564 1272 visitare,
592 1189 761 1278 omniaque
781 1189 973 1258 adminicula
1004 1192 1046 1259 ad

76 1307 267 1376 horrendam
282 1308 411 1374 illorum
427 1305 644 1385 conditionem
657 1307 881 1376 sublevandam
895 1308 1045 1378 adlubere

79 1449 242 1514 nunquam
267 1425 510 1516 defatigabatur.
548 1423 789 1492 Sustentnbatur
807 1425 922 1494 deiude
936 1429 971 1494 iu
984 1430 1044 1496 bac
1104 1443 1109 1460 ·

77 1545 131 1636 pia
142 1567 240 1635 opera
250 1541 443 1626 exercenda,
465 1543 790 1634 regiauunovrosxru
801 1545 1046 1631 liberalitatem

79 1685 142 1753 quo
156 1661 196 1728 ad
215 1655 399 1754 dignitatem
413 1647 623 1727 honorificam
640 1661 827 1751 (Aumdnler
841 1664 981 1731 Gdne'rnl
990 1666 1048 1732 des

74 1779 200 1872 galim
211 1781 251 1846 cle
264 1779 401 1870 Franco)
418 1795 564 1873 evectus,
587 1780 742 1870 reliquam
764 1783 944 1852 excellentis
964 1787 1047 1852 vitae

77 1900 225 1966 curriculi
250 1915 375 1989 partem
400 1895 557 1989 impendit
584 1899 678 1966 variis
699 1900 947 1970 institutionibus
972 1927 1048 1970 con·

76 2017 201 2101 denus,
223 2017 265 2084 ad
287 2017 443 2106 inopiam,
472 2016 650 2100 miseriam,
677 2017 904 2107 pestilentiam,
928 2019 1047 2086 famem

78 2160 96 2202 e
112 2137 214 2228 patria
228 2133 389 2203 arcendas.
422 2135 645 2226 Intempestive
656 2135 776 2226 lugenti
786 2136 906 2227 patriae
921 2153 1047 2228 ereptus

79 2269 126 2320 est
139 2251 267 2320 tandem
282 2277 366 2320 anno
394 2253 489 2320 1660.

122 2373 175 2438 Ab
205 2373 269 2438 hoc
300 2371 376 2439 inde
411 2388 580 2463 tempore,
615 2395 744 2440 momm
772 2371 916 2442 emtodia
946 2375 1048 2441 nullas

80 2492 218 2584 egregias
242 2489 479 2562 emendationes
500 2506 594 2556 nacta
616 2507 675 2558 est.
721 2491 842 2559 Contra
860 2492 895 2560 in
913 2491 1049 2560 Francia

79 2635 109 2678 v.
134 2635 164 2677 c.
189 2626 259 2676 erat
279 2609 432 2700 pessimae
454 2606 657 2675 conditionis.
1104 2588 1107 2596 ³

118 2730 201 2796 Nam
218 2729 397 2794 saevissima
414 2727 554 2816 tyrannis
573 2743 607 2794 et
628 2729 823 2796 atrocissima
842 2728 943 2796 libido
964 2730 1047 2797 iuter

81 2869 112 2915 se
127 2829 376 2914 contendebant.
406 2845 500 2911 Unde
513 2847 608 2912 etiam
622 2847 715 2912 multi
729 2846 869 2912 insontes
883 2861 937 2911 aut
952 2846 1049 2912 levio·

80 2989 147 3032 rum
181 2966 350 3032 criminum
374 2965 440 3049 rei,
468 2963 617 3031 inauditis
642 2977 773 3054 aparte
806 2961 1048 3030 Praefectornm

81 3100 112 3150 et
126 3081 295 3150 custodum
310 3083 497 3148 iuferionun
513 3083 666 3167 carceris,
686 3079 924 3148 crudelitatibus
940 3080 1047 3148 allecti

80 3202 216 3270 fuerunt.
240 3201 395 3292 Exemplo
406 3202 595 3293 sitprimum
608 3201 751 3292 captivus
761 3200 830 3286 ille,
847 3203 936 3288 cujus
947 3200 1047 3286 laem,

80 3321 188 3412 origo,
208 3335 241 3386 et
253 3335 367 3385 natura
382 3317 509 3404 delicti,
534 3319 769 3409 impenetrabili
786 3315 935 3407 mysterio
951 3319 1048 3382 obvo-

78 3437 143 3504 luta
157 3437 296 3506 luerunt.
342 3436 472 3504 Faciem
486 3437 638 3529 obtegere
649 3439 750 3523 jussus
764 3450 850 3519 erat,
872 3434 930 3499 sub
943 3456 1048 3524 poena

79 3556 209 3640 mortis,
225 3578 361 3646 persona
373 3555 492 3640 ferrea,
507 3553 638 3622 undeet
653 3575 790 3620 nomen:
811 3554 883 3620 Viri
897 3577 967 3620 eum
975 3575 1050 3642 per-

81 3697 159 3739 sona
172 3674 288 3763 ferrea
316 3673 478 3764 (l'homme
500 3695 541 3738 au
563 3693 692 3761 masque
714 3668 756 3736 de
778 3670 852 3760 fer).
899 3672 1046 3752 Constat,

79 3793 164 3860 bunc
181 3795 286 3860 virum
305 3817 389 3859 anno
409 3793 509 3882 1679,
534 3814 629 3880 qaram
648 3789 855 3856 secretissime
877 3788 1049 3853 abductum

80 3911 173 3979 luisse
189 3911 231 3978 ad
247 3911 411 3978 castellum
426 3909 596 4000 Pignerol,
621 3907 673 3974 cui
686 3923 762 3974 tunc
776 3905 928 3997 temporis
943 3911 1050 3994 praee-

80 4045 130 4098 rat
152 4055 199 4099 sr.
224 4053 320 4099 uuus.
366 4031 430 4096 Hic
453 4029 544 4096 illum
568 4050 677 4094 secum
702 4025 791 4093 duxit
818 4023 859 4091 ad
890 4046 1052 4092 carcerem

81 4147 113 4215 la
127 4149 273 4234 Bastille,
298 4149 355 4214 ubi
375 4145 456 4240 1703
474 4147 571 4224 morti
586 4145 747 4212 occubuit.
793 4142 902 4210 Vanae
917 4158 966 4208 sat
980 4167 1051 4210 om·

82 4291 137 4335 nes
166 4267 294 4350 iuemnt
322 4267 579 4358 investigationes
610 4278 643 4331 et
673 4265 875 4352 conjecturae
905 4249 1049 4329 omnium

82 4401 263 4478 temporum
293 4386 471 4454 bominum.
521 4382 723 4452 Vosrsnsuu
753 4405 904 4452 moenum
934 4379 1051 4470 partim
