2430 4988
63 879 149 948 illius
163 879 412 966 deminutionem
426 897 492 946 tam
506 905 597 972 aegre
609 881 764 948 tolerabat
778 883 836 972 (r).
866 883 929 954 Sed
942 887 1019 952 baec

61 1023 129 1067 non
144 997 334 1091 generaliter
352 1012 419 1062 erat
430 997 507 1085 juris
522 997 690 1064 criminalis
704 997 838 1068 indoles.
883 1001 1023 1069 Sufficie-

62 1119 119 1184 bat
138 1118 193 1200 iis,
220 1131 257 1181 ut
278 1139 373 1205 quam
395 1117 547 1182 acerrime
568 1117 626 1182 sibi
649 1133 812 1202 caverent,
835 1141 876 1184 ne
897 1141 1024 1187 carcere

60 1233 315 1317 includerentur,
339 1249 432 1322 utque
451 1233 533 1299 hanc
554 1249 672 1300 sortem
693 1242 774 1301 cives
788 1236 933 1304 vitarent.
973 1237 1025 1301 In·

61 1352 222 1417 clusorunr
244 1373 338 1434 veno,
366 1351 500 1416 maxime
520 1351 635 1441 quippe
657 1375 676 1418 e
697 1353 886 1443 peregrinis,
912 1353 1022 1436 servis,

64 1465 294 1558 perduellibus,
319 1468 447 1555 aliisque
473 1466 689 1556 perditissimis
715 1470 853 1564 civibus,
883 1469 1023 1536 hostibus

66 1581 318 1676 aequiparandis,
354 1585 609 1668 consistentium,
640 1607 723 1676 pene
750 1586 1022 1653 obliviscebantur.

66 1701 180 1768 Primis
207 1703 399 1793 temporibus
425 1703 557 1768 civitatis
585 1703 764 1789 Romanae,
797 1727 893 1794 quum
918 1705 1025 1797 legum

66 1821 234 1886 auctoritas
255 1823 329 1886 satis
348 1821 418 1886 laxa
440 1835 538 1903 esset,
564 1821 700 1886 Romani
725 1845 791 1887 sese
816 1819 856 1888 ad
880 1846 1025 1888 normam

64 1961 188 2004 morum
212 1961 268 2004 seu
290 1939 395 2030 legum
419 1938 614 2004 Albanorum
635 1937 779 2004 videntur
801 1939 1023 2006 conformasse.

65 2056 253 2124 Verosimile
271 2057 343 2124 satis
362 2055 502 2141 videtin,
518 2079 654 2146 poenam
669 2063 805 2121 carceris
820 2071 896 2121 tunc
909 2057 1025 2122 Roma·

66 2175 118 2238 nis
127 2174 300 2238 innotuisse
317 2188 349 2238 et
364 2174 403 2238 ab
418 2173 481 2238 illis
494 2174 664 2264 irrogatam
677 2173 771 2238 finisse
789 2171 829 2238 ad
849 2171 1027 2262 exemplum

66 2291 267 2375 latinorum,
283 2291 335 2380 qui
346 2307 496 2383 regnante
507 2313 653 2374 sunnio,
671 2289 886 2380 delinquentes
901 2313 1028 2357 carcere

66 2407 249 2499 puniebant.
294 2407 367 2476 Huc
387 2409 481 2474 etiarn
502 2409 608 2475 iacere
627 2406 752 2475 videtu
770 2408 859 2474 locus
878 2431 1027 2474 nrvunus

67 2525 147 2614 (Lib.
165 2525 198 2610 1,
216 2549 246 2594 c.
262 2525 334 2616 33),
359 2525 447 2616 quod
463 2525 630 2593 conlinnet
644 2529 848 2594 sententiam:
872 2530 1028 2595 Romanos

64 2649 155 2708 stiam
180 2665 338 2708 carcerem
364 2644 410 2708 ud
425 2667 562 2733 poem
584 2645 780 2729 adhibuisse,
809 2668 905 2735 quum
927 2668 1027 2712 unus

65 2783 219 2846 narsus,
244 2760 442 2828 aedificando
459 2785 585 2830 carcere
599 2761 640 2829 ad
661 2777 831 2829 »mmmm
853 2770 1028 2828 umectum·

67 2885 105 2944 tis
124 2878 316 2960 audoolce,’'
337 2880 437 2970 tnagis
461 2881 629 2970 respexisse
649 2876 868 2946 existimandus
891 2879 931 2942 sit
953 2900 1028 2967 poe·

66 3019 139 3062 uam
155 2997 351 3086 captivorum
366 3019 460 3085 quam
473 2997 601 3063 illonun
616 2994 735 3061 nudam
750 2991 936 3059 custodiam.
965 2991 1028 3059 Ve-

67 3136 138 3178 rum
147 3113 248 3180 hocce
260 3115 447 3199 consilium,
458 3115 548 3206 lapsu
560 3131 756 3204 temporum,
772 3125 924 3178 mutatum
936 3111 1028 3178 fuisse

68 3229 101 3295 in
114 3233 185 3317 jure
198 3231 351 3297 criminali
363 3233 580 3299 Romanorum
597 3233 769 3322 probamus
782 3231 858 3297 loco
873 3253 1027 3313 unauna,

68 3346 114 3435 (la.
132 3348 170 3432 8,
192 3353 220 3432 s.
241 3371 263 3436 9
280 3350 323 3416 D.
347 3350 387 3416 de
403 3351 543 3442 menis).
592 3351 766 3418 Grcsnosrs
787 3365 932 3439 tempore
951 3370 1028 3414 vero

96 3657 137 3726 (l)
153 3659 193 3708 lta
211 3662 238 3709 et
256 3658 342 3724 primis
361 3657 533 3724 temporibus,
552 3657 637 3708 nullus
652 3661 711 3708 ants
729 3657 878 3708 seutentiam
897 3655 990 3706 dictant
1009 3657 1035 3707 iu

156 3765 282 3800 carcerem
307 3748 471 3810 mittebatur,
498 3747 572 3799 modo
598 3747 673 3800 vades
697 3748 757 3799 dare
782 3751 867 3815 postet
885 3761 1035 3814 seponto·

155 3855 214 3902 ret,
238 3840 283 3904 qui
307 3840 502 3906 promitterem,
527 3854 598 3890 reum
616 3840 642 3889 lu
656 3839 782 3904 judicium
798 3841 895 3888 subulo
914 3835 955 3886 dis
971 3853 1033 3888 ven·

157 3934 252 3984 lusum
287 3930 403 3997 Exempla
418 3930 496 3981 uetat
512 3945 616 3991 straus,
635 3929 689 3982 tib.
706 3931 759 3990 lll,
783 3945 808 3981 o.
828 3928 869 3981 18.
884 3927 920 3978 flu
936 3931 964 3980 et
979 3927 1034 3980 bib.

158 4019 242 4081 XXV.
268 4035 294 4074 o.
318 4019 345 4072 l.
369 4021 422 4072 alii.
457 4022 492 4072 lx
516 4035 568 4085 qno
593 4021 682 4072 ultimo
708 4021 765 4071 loos
789 4019 866 4070 etiam
881 4022 952 4086 petet
970 4034 1035 4070 non·

157 4125 286 4175 nanum
299 4111 429 4173 evertisse,
455 4117 485 4162 ut
500 4126 575 4172 reus,
600 4112 645 4175 qni
662 4110 780 4172 abesset,
798 4111 857 4162 mali
872 4111 955 4163 fortan
972 4127 1034 4162 oon·

81 4259 84 4270 ,
158 4201 266 4252 scientia
294 4202 417 4256 usitatus
443 4206 470 4252 et
494 4202 574 4254 solunt
600 4201 708 4268 patrium
729 4201 889 4268 reliquisset,
916 4203 943 4254 iu
963 4203 1036 4268 justo

158 4291 233 4342 exilio
252 4307 306 4344 etse
323 4291 460 4346 diceretur.
