2438 4972
67 921 240 988 Dalmatiae
257 939 329 984 oras
345 916 489 1001 delabrs,
516 941 600 984 anno
621 941 702 1006 ¹¹9²
726 919 766 985 ab
788 921 919 990 inimico
939 947 1037 1015 pecu.

68 1041 133 1108 lisri
159 1059 330 1110 noscano
348 1059 382 1102 vr
403 1035 551 1102 Austriae
574 1034 676 1118 duce,
693 1039 959 1127 comprehensus,
976 1045 1039 1133 pri-

64 1179 151 1224 mum
173 1157 209 1222 in
234 1153 367 1222 castello
392 1153 618 1237 Durrenstcin,
633 1175 736 1245 prope
756 1153 872 1222 hema
892 1155 1038 1226 detentas

65 1292 122 1343 est.
169 1275 284 1342 Postea
310 1269 444 1338 traditus
465 1293 611 1338 marco
629 1293 664 1338 vr
686 1269 876 1340 Gemanica
901 1275 1037 1365 impera-

67 1392 455 1481 tori,abhocpertotum
466 1376 1040 1486 annumlliogontiaoi,liorbetomagi

65 1527 97 1578 et
109 1511 144 1576 iu
158 1507 285 1576 castello
293 1505 408 1572 Triiels
418 1507 453 1572 iu
464 1503 628 1598 durissima
647 1509 829 1598 captivitate
846 1510 1035 1602 gemuit(r).

110 1628 258 1718 eqimm
282 1623 382 1706 oraio,
415 1625 449 1689 in
477 1645 543 1712 quo
567 1623 754 1692 nobilissimi
777 1643 810 1694 et
829 1629 1038 1718 potentissimi

66 1748 124 1814 tiri
145 1745 400 1824 inveniebantur,
425 1739 532 1808 multis
557 1741 722 1810 fruebatur
737 1745 927 1838 privilegiis3
954 1749 1039 1816 inex·

64 1865 226 1958 pugnabili
250 1883 346 1952 saepe
368 1859 500 1928 castello
523 1874 630 1943 suun,
653 1861 709 1928 nbi
722 1861 784 1930 frui
800 1879 926 1953 poterat
939 1868 1039 1934 omni.

65 1987 122 2052 bus
142 1982 327 2075 opulentiae
347 1994 380 2046 et
398 1981 559 2046 honorum
575 1976 696 2046 deliciis
704 2025 716 2061 ,
740 1977 863 2048 domini
878 1985 965 2050 unici
979 2008 1039 2075 po-

67 2117 213 2170 testatem
227 2102 356 2189 impune
373 2119 521 2165 exemere
536 2111 675 2187 poterat.
720 2097 815 2187 Cujus
827 2123 905 2167 raro
918 2103 1040 2168 animtts

69 2221 157 2286 hisce
180 2217 336 2286 illecebris
361 2239 428 2284 non
454 2214 596 2282 mollitus
621 2229 708 2299 erat,
732 2218 871 2308 superbo
895 2241 1041 2289 nomn.

69 2361 166 2428 quam
189 2336 296 2404 animo
319 2332 451 2417 cedens,
471 2347 526 2402 aut
543 2349 680 2425 egestate
701 2333 743 2402 ati
767 2335 921 2405 ferociam
932 2337 1041 2407 redac-

69 2471 134 2542 tus,
154 2453 274 2548 praedo
290 2452 405 2538 fiebat,
428 2453 483 2542 qui
504 2467 719 2522 umseuntem
736 2472 946 2526 mercatorem
964 2457 1042 2527 ado·

68 2575 218 2642 riebatur.
264 2571 396 2654 Victor,
433 2571 625 2666 conjiciebat
650 2585 879 2665 nonnunquam
905 2600 978 2644 mm
1007 2579 1042 2645 in

70 2693 189 2765 castelli
214 2714 378 2775 carceres,
403 2688 689 2782 (Euerg-Verberet)
705 2694 860 2760 ulciscens
885 2696 931 2760 ita
952 2717 1042 2786 sps·

69 2809 208 2902 praedae
231 2808 411 2900 deceptam.
457 2809 532 2876 Hoc
555 2809 700 2899 inprimis
720 2811 755 2876 in
778 2809 947 2876 Germania
963 2814 1044 2877 acci·

69 2928 186 3011 debat,
209 2927 264 2997 ubi
285 2925 459 2994 semindum
481 2927 610 3018 Imperii
635 2927 912 3012 constitutionem,
935 2928 1042 3018 singu.

69 3047 178 3116 lorum
196 3044 359 3115 arbitrium
379 3047 479 3138 magis
496 3047 651 3112 intactum
669 3044 902 3130 inveniebatur,
927 3061 960 3112 et
982 3047 1042 3113 suh

71 3163 228 3232 debilibus
248 3163 408 3231 nonnullis
431 3163 677 3256 imperatoribus
702 3164 737 3229 ia
762 3163 947 3232 effrenaum
971 3164 1041 3234 libi·

58 3283 181 3352 dinem
195 3281 408 3374 degenerabat
423 3283 484 3374 (a).
515 3283 564 3350 lta
583 3282 742 3352 sacuebm
754 3285 893 3353 immane
903 3285 958 3370 ius
974 3306 1041 3358 m·

101 3463 140 3528 (Ι)
157 3461 275 3528 Ejusdem
312 3457 432 3509 saevitiae
465 3454 612 3522 specimen,
641 3453 756 3521 principe
785 3453 883 3503 victora
916 3397 1073 3518 indignum·

162 3549 341 3619 pmuasdidit
354 3561 466 3598 crasans
486 3561 644 3596 araasrrrrr
663 3547 807 3595 incruento
817 3543 958 3610 supplicio,
977 3543 1046 3608 qaod

164 3642 293 3698 sumitis
309 3638 451 3692 miserando
465 3653 630 3700 corniano,
649 3636 740 3688 ultimo
757 3635 843 3702 stirpis
859 3634 1046 3688 rumunn-

163 3733 300 3794 aaassore,
316 3735 374 3800 post
391 3731 515 3780 funestun
531 3743 656 3796 pugnam,
671 3741 750 3794 prope
760 3725 939 3791 ngliacctm
958 3731 1044 3794 capto,

163 3841 239 3890 quem
254 3839 321 3874 anno
340 3821 422 3880 tace,
443 3835 494 3871 una
512 3835 570 3870 cum
588 3833 730 3868 rararrsco
749 3817 845 3880 amico,
865 3817 892 3867 in
908 3817 964 3866 soro
982 3817 1048 3869 Nes·

164 3915 247 3982 polis,
264 3913 356 3980 capitis
371 3927 453 3978 poena
472 3910 550 3976 plecti
565 3910 654 3975 jussit.

103 4006 144 4074 (2)
161 4005 231 4056 idem
259 4005 313 4054 isra
339 4007 422 4054 tamea
448 3998 582 4052 obtinebat
610 3999 636 4050 ia
661 3999 782 4059 trusis,
808 3995 852 4047 abi
877 3995 1047 4064 quodeunque

165 4093 272 4148 Batonis
293 4093 462 4152 territorium,
484 4105 650 4156 quaeeunque
664 4089 730 4142 Urbs
743 4089 822 4140 libera
838 4087 955 4140 tuebatur
965 4090 1047 4155 juris·

165 4187 301 4238 dictiona-
323 4185 400 4250 Regia
416 4189 529 4249 potestas
552 4181 639 4233 umbra
665 4181 717 4231 iera
741 4186 813 4241 erat,
839 4181 860 4231 si
884 4181 1047 4249 comparaba-

171 4283 212 4330 tur
237 4291 294 4328 cum
322 4276 414 4328 docum
441 4273 622 4336 romaniae,
646 4271 815 4338 Aquitaniae,
844 4271 1048 4339 Burgundionum

169 4375 232 4428 cett.
249 4369 344 4425 enormi
359 4366 482 4436 potentia.
