2438 4972
156 941 264 986 cerum
284 935 317 982 et
336 939 431 983 curae
451 916 652 1007 captivorum
673 913 919 980 desiderabam.
965 913 1065 998 Quod
1086 913 1124 981 ad

155 1033 1126 1124 Germaniarn,llussiam,patriamnostram‚quasnowsnnas

156 1155 191 1219 in
213 1154 378 1220 itineribus
401 1153 554 1237 visitarit,
583 1175 777 1241 quantusque
798 1150 906 1218 laudes
928 1152 1069 1220 celebrat
1090 1155 1122 1219 in

155 1271 298 1361 scriptis,
324 1291 391 1336 non
405 1285 571 1360 tantopere
584 1270 716 1362 urgebat
734 1285 883 1360 prompta
904 1269 1041 1337 medela.
1063 1269 1123 1337 Ve-

157 1412 229 1454 rum
240 1391 275 1456 in
288 1389 326 1454 iis
339 1389 536 1480 regionibus,
554 1411 634 1476 quae
646 1403 781 1477 propter
799 1391 939 1477 egregias
959 1387 1125 1454 institutio·

162 1530 234 1592 nes,
246 1523 342 1590 artes,
354 1506 517 1588 scientias,
534 1521 760 1588 mercaturam,
775 1506 940 1593 omnisque
952 1505 1129 1596 splendoris

158 1641 190 1691 et
209 1623 318 1690 decori
334 1646 431 1714 geum
444 1624 629 1712 ceteroquin
641 1646 720 1713 prae
736 1623 848 1690 ceteris
861 1622 952 1706 terris
972 1623 1126 1690 excellere

158 1764 357 1831 summopere
381 1739 586 1826 studuerunt,
621 1741 695 1807 talia
719 1741 835 1808 menda
857 1741 987 1807 tolerari
1012 1741 1128 1808 diutius

158 1883 223 1926 non
248 1857 394 1928 decebat.
440 1861 548 1946 ltalia,
572 1883 652 1950 quae
671 1861 784 1927 urbem
803 1861 1007 1952 potentissam
1023 1859 1126 1928 Vene-

158 1981 234 2065 tias,
259 1981 303 2047 ob
321 1979 408 2046 diros
422 2003 581 2064 carceres,
603 1996 636 2048 et
648 1980 861 2070 inquisitionis
874 1979 1014 2046 terribile
1028 1981 1128 2046 uibu-

160 2101 215 2166 nal
234 2099 390 2167 famosam
414 2100 619 2184 continebat,
647 2099 808 2191 flagitabat
828 2099 1006 2184 medelam,
1031 2121 1128 2188 mam

159 2220 218 2308 ipsi
233 2219 386 2308 praebere
397 2241 551 2308 generose
565 2233 697 2283 consuas
709 2234 757 2284 est
769 2239 939 2285 asculan.
986 2216 1130 2283 Audacia

159 2351 347 2424 praecepta,
374 2335 432 2400 illo
457 2351 603 2424 tempore
626 2333 768 2400 inaudita
792 2349 825 2400 et
848 2333 1023 2425 stupenda,
1049 2357 1153 2424 quae¹

156 2471 229 2515 suae
244 2450 365 2538 patriae
380 2449 504 2536 totique
514 2451 665 2537 'Europae
683 2449 772 2514 dedit
787 2451 823 2516 in
838 2474 935 2516 aureo
950 2452 1054 2519 libro:
1078 2454 1131 2520 dei

156 2565 257 2632 delicti
280 2589 298 2630 e
322 2564 403 2630 delle
419 2587 520 2654 pene,
545 2565 633 2655 gravi
655 2565 734 2630 vitio
760 2565 818 2631 illo
842 2567 1030 2634 laborabant
1054 2571 1127 2640 scil.

159 2682 247 2775 quod
272 2698 395 2750 tantum
423 2671 580 2750 theoriam
609 2683 837 2769 continebant,
867 2685 1045 2766 salutarem,
1061 2688 1134 2756 sine

160 2803 278 2888 dubio,
290 2825 371 2893 quae
384 2817 491 2868 tamen
505 2825 574 2868 non
587 2795 666 2868 iulta
681 2817 749 2868 erat
764 2803 956 2893 experientia
972 2806 1133 2893 practica,

159 2923 206 2989 uti
224 2911 381 2989 nonnam
400 2921 549 3011 aequalis.
595 2921 633 2986 ln
645 2920 780 2987 Francia
793 2919 897 2988 flebile
910 2925 1055 3008 cattam,
1071 2925 1132 2992 To·

157 3042 259 3107 losani
284 3040 509 3126 infortunium,
542 3042 629 3130 cujus
650 3037 804 3106 facundus
833 3037 948 3108 vindex
968 3042 1043 3108 stilo
1070 3043 1130 3110 fuit

157 3179 352 3242 rotcausus,
370 3181 485 3248 opere:
505 3157 601 3225 traite'
613 3181 671 3224 sur
685 3160 719 3224 la
735 3158 909 3243 tole'ruucc,
923 3183 1030 3227 ansam
1043 3185 1131 3251 prae·

158 3277 229 3344 buit
241 3275 282 3342 ad
292 3277 400 3368 legum
413 3276 624 3342 criminalium
636 3285 752 3342 naevos
762 3275 941 3366 poliendos.
965 3278 1034 3343 Jam
1044 3301 1128 3345 anno

163 3395 261 3486 1767,
278 3417 389 3462 omnes
402 3393 515 3460 illustri
531 3393 695 3484 exemplo,
711 3395 857 3485 Europae
870 3396 1029 3488 principes
1041 3421 1130 3486 prae·

158 3527 293 3578 cesserat
309 3535 496 3580 munnam
508 3535 553 3597 11,
577 3513 747 3580 Russorum
765 3513 969 3603 imperatrix,
985 3515 1131 3602 jubendo

157 3645 194 3696 ut
215 3627 317 3696 codex
342 3631 485 3720 poenalis
508 3629 731 3701 conficeretur.
778 3631 850 3713 Qua
873 3632 908 3696 in
932 3655 968 3698 re
985 3633 1130 3723 inprimis

158 3771 336 3815 ascensus
348 3763 381 3816 et
393 3771 646 3828 noarasomnm
660 3765 832 3840 praecepta
840 3749 942 3814 voluit
957 3751 1127 3820 observari.

156 3867 246 3934 llaec
271 3889 348 3934 vero
375 3867 429 3958 pia
456 3889 554 3958 opera
579 3867 667 3934 felici
691 3891 834 3936 successu
857 3870 963 3961 gavisa
985 3894 1053 3938 non
1069 3889 1127 3940 est.

156 3984 306 4052 Proxime
333 4001 441 4052 secuta
467 4001 515 4052 est
541 4009 612 4053 eam
638 4009 944 4074 manseramus,
982 3991 1128 4057 Austriae

155 4101 283 4196 illustria
314 4107 481 4198 princeps,
521 4105 645 4174 edenda
680 4110 906 4175 constitutione
943 4110 1123 4176 Criminali:

162 4217 492 4315 Theresiuna(1768).
507 4224 651 4294 Perenne
659 4229 727 4294 sine
737 4226 835 4294 dubio
844 4227 935 4316 hujus
944 4226 1129 4296 emendatae

154 4337 231 4422 juris
258 4337 429 4423 criminalis
451 4341 573 4410 formae
603 4363 844 4414 monumentum
876 4347 994 4414 exstitit
1021 4371 1132 4414 cumea·
