<?xml version="1.0" encoding="UTF-8"?>
<!DOCTYPE html PUBLIC "-//W3C//DTD XHTML 1.0 Transitional//EN"
    "http://www.w3.org/TR/xhtml1/DTD/xhtml1-transitional.dtd">
<html xmlns="http://www.w3.org/1999/xhtml" xml:lang="en" lang="en">
 <head>
  <title>
</title>
<meta http-equiv="Content-Type" content="text/html;charset=utf-8" />
  <meta name='ocr-system' content='tesseract 3.04.00' />
  <meta name='ocr-capabilities' content='ocr_page ocr_carea ocr_par ocr_line ocrx_word'/>
</head>
<body>
  <div class='ocr_page' id='page_1' title='image "./dissertatiojuri00courgoog_0162.png"; bbox 0 0 2438 4972; ppageno 0'>
   <div class='ocr_carea' id='block_1_1' title="bbox 569 681 629 748">
    <p class='ocr_par' dir='ltr' id='par_1_1' title="bbox 569 681 629 748">
     <span class='ocr_line' id='line_1_1' title="bbox 569 681 629 748; baseline 0 0"><span class='ocrx_word' id='word_1_1' title='bbox 569 681 629 748; x_wconf 74' lang='lat'><strong>145</strong></span> 
     </span>
    </p>
   </div>
   <div class='ocr_carea' id='block_1_2' title="bbox 11 892 1155 3113">
    <p class='ocr_par' dir='ltr' id='par_1_2' title="bbox 67 892 1155 1696">
     <span class='ocr_line' id='line_1_2' title="bbox 95 892 1068 984; baseline 0.005 -24"><span class='ocrx_word' id='word_1_2' title='bbox 95 908 154 960; x_wconf 91' lang='lat' dir='ltr'><strong>tur</strong></span> <span class='ocrx_word' id='word_1_3' title='bbox 169 892 270 984; x_wconf 83' lang='lat' dir='ltr'><strong>ipsum</strong></span> <span class='ocrx_word' id='word_1_4' title='bbox 283 894 446 960; x_wconf 90' lang='lat' dir='ltr'><strong>hominem</strong></span> <span class='ocrx_word' id='word_1_5' title='bbox 471 893 640 960; x_wconf 80' lang='lat' dir='ltr'><strong>emendare</strong></span> <span class='ocrx_word' id='word_1_6' title='bbox 666 895 761 978; x_wconf 85' lang='lat' dir='ltr'><strong>velle,</strong></span> <span class='ocrx_word' id='word_1_7' title='bbox 787 919 881 984; x_wconf 87' lang='lat' dir='ltr'><strong>quam</strong></span> <span class='ocrx_word' id='word_1_8' title='bbox 908 895 1068 966; x_wconf 87' lang='lat' dir='ltr'><strong>instituere</strong></span> 
     </span>
     <span class='ocr_line' id='line_1_3' title="bbox 67 999 1072 1085; baseline 0.006 -7"><span class='ocrx_word' id='word_1_9' title='bbox 67 999 72 1007; x_wconf 56' lang='grc'><strong>’</strong></span> <span class='ocrx_word' id='word_1_10' title='bbox 96 1015 223 1078; x_wconf 91' lang='lat' dir='ltr'><strong>eumin</strong></span> <span class='ocrx_word' id='word_1_11' title='bbox 240 1012 447 1079; x_wconf 75' lang='lat' dir='ltr'><strong>artificiorum</strong></span> <span class='ocrx_word' id='word_1_12' title='bbox 465 1012 715 1080; x_wconf 85' lang='lat' dir='ltr'><strong>exercendorum</strong></span> <span class='ocrx_word' id='word_1_13' title='bbox 731 1013 928 1082; x_wconf 79' lang='lat' dir='ltr'><strong>dexteritate.</strong></span> <span class='ocrx_word' id='word_1_14' title='bbox 977 1019 1072 1085; x_wconf 79' lang='lat' dir='ltr'><strong>Prae·</strong></span> 
     </span>
     <span class='ocr_line' id='line_1_4' title="bbox 97 1130 1070 1225; baseline 0.006 -28"><span class='ocrx_word' id='word_1_15' title='bbox 97 1147 189 1198; x_wconf 78' lang='lat' dir='ltr'><strong>teres</strong></span> <span class='ocrx_word' id='word_1_16' title='bbox 203 1135 304 1222; x_wconf 81' lang='lat' dir='ltr'><strong>gravi,</strong></span> <span class='ocrx_word' id='word_1_17' title='bbox 318 1147 354 1198; x_wconf 94' lang='lat' dir='ltr'><strong>ut</strong></span> <span class='ocrx_word' id='word_1_18' title='bbox 368 1133 446 1198; x_wconf 92' lang='lat' dir='ltr'><strong>mibi</strong></span> <span class='ocrx_word' id='word_1_19' title='bbox 461 1130 586 1198; x_wconf 82' lang='lat' dir='ltr'><strong>videtur</strong></span> <span class='ocrx_word' id='word_1_20' title='bbox 600 1134 678 1198; x_wconf 85' lang='lat' dir='ltr'><strong>vitio</strong></span> <span class='ocrx_word' id='word_1_21' title='bbox 690 1133 814 1200; x_wconf 79' lang='lat' dir='ltr'><strong>laboret</strong></span> <span class='ocrx_word' id='word_1_22' title='bbox 827 1135 922 1202; x_wconf 86' lang='lat' dir='ltr'><strong>etiam</strong></span> <span class='ocrx_word' id='word_1_23' title='bbox 936 1152 1070 1225; x_wconf 79' lang='lat' dir='ltr'><strong>systema</strong></span> 
     </span>
     <span class='ocr_line' id='line_1_5' title="bbox 93 1247 1067 1342; baseline 0.006 -28"><span class='ocrx_word' id='word_1_24' title='bbox 93 1250 326 1332; x_wconf 79' lang='lat' dir='ltr'><strong>Auburuense,</strong></span> <span class='ocrx_word' id='word_1_25' title='bbox 351 1249 438 1339; x_wconf 85' lang='lat' dir='ltr'><strong>quod</strong></span> <span class='ocrx_word' id='word_1_26' title='bbox 463 1252 589 1316; x_wconf 79' lang='lat' dir='ltr'>occasio</span> <span class='ocrx_word' id='word_1_27' title='bbox 612 1275 677 1317; x_wconf 91' lang='lat' dir='ltr'><strong>nou</strong></span> <span class='ocrx_word' id='word_1_28' title='bbox 706 1247 862 1317; x_wconf 80' lang='lat' dir='ltr'><strong>adimatur</strong></span> <span class='ocrx_word' id='word_1_29' title='bbox 882 1252 1067 1342; x_wconf 85' lang='lat' dir='ltr'><strong>deliuquen-</strong></span> 
     </span>
     <span class='ocr_line' id='line_1_6' title="bbox 90 1367 1155 1456; baseline 0.007 -25"><span class='ocrx_word' id='word_1_30' title='bbox 90 1369 183 1456; x_wconf 65' lang='lat' dir='ltr'><strong>‘tiqus</strong></span> <span class='ocrx_word' id='word_1_31' title='bbox 206 1392 273 1434; x_wconf 86' lang='lat' dir='ltr'><strong>sese</strong></span> <span class='ocrx_word' id='word_1_32' title='bbox 286 1369 422 1434; x_wconf 86' lang='lat' dir='ltr'><strong>invicem</strong></span> <span class='ocrx_word' id='word_1_33' title='bbox 444 1367 589 1450; x_wconf 84' lang='lat' dir='ltr'><strong>visendi,</strong></span> <span class='ocrx_word' id='word_1_34' title='bbox 615 1367 748 1438; x_wconf 82' lang='lat' dir='ltr'><strong>durante</strong></span> <span class='ocrx_word' id='word_1_35' title='bbox 765 1373 926 1442; x_wconf 89' lang='lat' dir='ltr'><strong>communi</strong></span> <span class='ocrx_word' id='word_1_36' title='bbox 939 1372 1067 1455; x_wconf 81' lang='lat' dir='ltr'><strong>labore,</strong></span> <span class='ocrx_word' id='word_1_37' title='bbox 1149 1391 1155 1406; x_wconf 55' lang='lat'>⁸</span> 
     </span>
     <span class='ocr_line' id='line_1_7' title="bbox 94 1482 1067 1579; baseline 0.005 -30"><span class='ocrx_word' id='word_1_38' title='bbox 94 1482 183 1552; x_wconf 89' lang='lat' dir='ltr'><strong>unde</strong></span> <span class='ocrx_word' id='word_1_39' title='bbox 195 1486 289 1553; x_wconf 81' lang='lat' dir='ltr'><strong>facile</strong></span> <span class='ocrx_word' id='word_1_40' title='bbox 304 1486 552 1570; x_wconf 86' lang='lat' dir='ltr'><strong>commercium,</strong></span> <span class='ocrx_word' id='word_1_41' title='bbox 568 1488 709 1552; x_wconf 88' lang='lat' dir='ltr'><strong>mon&#39;bus</strong></span> <span class='ocrx_word' id='word_1_42' title='bbox 725 1489 827 1554; x_wconf 90' lang='lat' dir='ltr'><strong>minus</strong></span> <span class='ocrx_word' id='word_1_43' title='bbox 843 1505 1067 1579; x_wconf 86' lang='lat' dir='ltr'><strong>corruptorum</strong></span> 
     </span>
     <span class='ocr_line' id='line_1_8' title="bbox 93 1603 319 1696; baseline 0.018 -30"><span class='ocrx_word' id='word_1_44' title='bbox 93 1603 193 1670; x_wconf 78' lang='lat' dir='ltr'><strong>fatale</strong></span> <span class='ocrx_word' id='word_1_45' title='bbox 207 1606 319 1696; x_wconf 72' lang='lat' dir='ltr'><strong>oritur.</strong></span> 
     </span>
    </p>

    <p class='ocr_par' dir='ltr' id='par_1_3' title="bbox 90 1722 1092 2283">
     <span class='ocr_line' id='line_1_9' title="bbox 144 1722 1067 1817; baseline 0.007 -31"><span class='ocrx_word' id='word_1_46' title='bbox 144 1722 355 1790; x_wconf 79' lang='lat' dir='ltr'><strong>Praeferenda</strong></span> <span class='ocrx_word' id='word_1_47' title='bbox 367 1724 493 1790; x_wconf 77' lang='lat' dir='ltr'><strong>videtur</strong></span> <span class='ocrx_word' id='word_1_48' title='bbox 510 1725 617 1789; x_wconf 88' lang='lat' dir='ltr'><strong>mitior</strong></span> <span class='ocrx_word' id='word_1_49' title='bbox 630 1725 812 1814; x_wconf 80' lang='lat' dir='ltr'><strong>systematis</strong></span> <span class='ocrx_word' id='word_1_50' title='bbox 827 1726 1067 1817; x_wconf 82' lang='lat' dir='ltr'><strong>Philadelphen·</strong></span> 
     </span>
     <span class='ocr_line' id='line_1_10' title="bbox 90 1837 1066 1933; baseline 0.007 -30"><span class='ocrx_word' id='word_1_51' title='bbox 90 1841 137 1904; x_wconf 88' lang='lat' dir='ltr'><strong>sis</strong></span> <span class='ocrx_word' id='word_1_52' title='bbox 161 1837 307 1924; x_wconf 83' lang='lat' dir='ltr'>indoles,</span> <span class='ocrx_word' id='word_1_53' title='bbox 344 1840 431 1930; x_wconf 89' lang='lat' dir='ltr'><strong>quod</strong></span> <span class='ocrx_word' id='word_1_54' title='bbox 456 1841 575 1933; x_wconf 83' lang='lat' dir='ltr'><strong>cogitet</strong></span> <span class='ocrx_word' id='word_1_55' title='bbox 601 1842 661 1907; x_wconf 89' lang='lat' dir='ltr'>sibi</span> <span class='ocrx_word' id='word_1_56' title='bbox 687 1841 896 1931; x_wconf 86' lang='lat' dir='ltr'><strong>delinquentis</strong></span> <span class='ocrx_word' id='word_1_57' title='bbox 925 1845 1066 1910; x_wconf 80' lang='lat' dir='ltr'><strong>animum</strong></span> 
     </span>
     <span class='ocr_line' id='line_1_11' title="bbox 90 1959 1092 2050; baseline 0.004 -28"><span class='ocrx_word' id='word_1_58' title='bbox 90 1973 331 2048; x_wconf 73' lang='lat' dir='ltr'><strong>aegrotantem,</strong></span> <span class='ocrx_word' id='word_1_59' title='bbox 357 1959 410 2048; x_wconf 90' lang='lat' dir='ltr'><strong>qui</strong></span> <span class='ocrx_word' id='word_1_60' title='bbox 433 1960 478 2024; x_wconf 91' lang='lat' dir='ltr'><strong>sic</strong></span> <span class='ocrx_word' id='word_1_61' title='bbox 503 1959 597 2050; x_wconf 83' lang='lat' dir='ltr'><strong>igitur</strong></span> <span class='ocrx_word' id='word_1_62' title='bbox 612 1959 755 2050; x_wconf 79' lang='lat' dir='ltr'>benignis</span> <span class='ocrx_word' id='word_1_63' title='bbox 774 1959 921 2026; x_wconf 84' lang='lat' dir='ltr'><strong>remediis</strong></span> <span class='ocrx_word' id='word_1_64' title='bbox 934 1959 1065 2027; x_wconf 80' lang='lat' dir='ltr'><strong>velutin</strong></span> <span class='ocrx_word' id='word_1_65' title='bbox 1087 2007 1092 2018; x_wconf 49' lang='grc' dir='ltr'><strong><em>ι</em></strong></span> 
     </span>
     <span class='ocr_line' id='line_1_12' title="bbox 93 2074 1065 2166; baseline 0.003 -25"><span class='ocrx_word' id='word_1_66' title='bbox 93 2074 225 2142; x_wconf 90' lang='lat' dir='ltr'><strong>medico</strong></span> <span class='ocrx_word' id='word_1_67' title='bbox 261 2077 554 2160; x_wconf 77' lang='lat' dir='ltr'><strong>submirdstrsndis,</strong></span> <span class='ocrx_word' id='word_1_68' title='bbox 596 2076 635 2141; x_wconf 80' lang='lat' dir='ltr'><strong>ed</strong></span> <span class='ocrx_word' id='word_1_69' title='bbox 665 2077 837 2166; x_wconf 82' lang='lat' dir='ltr'><strong>perfectam</strong></span> <span class='ocrx_word' id='word_1_70' title='bbox 870 2079 1065 2145; x_wconf 78' lang='lat' dir='ltr'><strong>sanationem</strong></span> 
     </span>
     <span class='ocr_line' id='line_1_13' title="bbox 94 2193 403 2283; baseline 0.003 -22"><span class='ocrx_word' id='word_1_71' title='bbox 94 2197 265 2283; x_wconf 84' lang='lat' dir='ltr'><strong>pervenire</strong></span> <span class='ocrx_word' id='word_1_72' title='bbox 296 2193 403 2262; x_wconf 87' lang='lat' dir='ltr'><strong>debet.</strong></span> 
     </span>
    </p>

    <p class='ocr_par' dir='ltr' id='par_1_4' title="bbox 11 2313 1082 3113">
     <span class='ocr_line' id='line_1_14' title="bbox 141 2313 1064 2406; baseline 0.003 -28"><span class='ocrx_word' id='word_1_73' title='bbox 141 2313 250 2379; x_wconf 82' lang='lat' dir='ltr'><strong>Primo</strong></span> <span class='ocrx_word' id='word_1_74' title='bbox 265 2313 417 2404; x_wconf 80' lang='lat' dir='ltr'><strong>adspectu</strong></span> <span class='ocrx_word' id='word_1_75' title='bbox 429 2315 522 2379; x_wconf 90' lang='lat' dir='ltr'><strong>nimis</strong></span> <span class='ocrx_word' id='word_1_76' title='bbox 537 2315 622 2378; x_wconf 88' lang='lat' dir='ltr'><strong>mitis</strong></span> <span class='ocrx_word' id='word_1_77' title='bbox 641 2315 706 2379; x_wconf 81' lang='lat' dir='ltr'><strong>viss</strong></span> <span class='ocrx_word' id='word_1_78' title='bbox 726 2328 773 2379; x_wconf 86' lang='lat' dir='ltr'><strong>est</strong></span> <span class='ocrx_word' id='word_1_79' title='bbox 786 2316 945 2396; x_wconf 86' lang='lat' dir='ltr'><strong>nonnullis</strong></span> <span class='ocrx_word' id='word_1_80' title='bbox 960 2339 1064 2406; x_wconf 82' lang='lat' dir='ltr'><strong>poene</strong></span> 
     </span>
     <span class='ocr_line' id='line_1_15' title="bbox 11 2431 1067 2516; baseline 0.004 -20"><span class='ocrx_word' id='word_1_81' title='bbox 11 2475 22 2486; x_wconf 90' lang='lat'><em>·</em></span> <span class='ocrx_word' id='word_1_82' title='bbox 91 2434 232 2498; x_wconf 83' lang='lat' dir='ltr'><strong>carceris</strong></span> <span class='ocrx_word' id='word_1_83' title='bbox 258 2433 415 2516; x_wconf 83' lang='lat' dir='ltr'><strong>solitarii,</strong></span> <span class='ocrx_word' id='word_1_84' title='bbox 452 2455 512 2499; x_wconf 90' lang='lat' dir='ltr'><strong>nec</strong></span> <span class='ocrx_word' id='word_1_85' title='bbox 536 2433 610 2497; x_wconf 85' lang='lat' dir='ltr'><strong>satis</strong></span> <span class='ocrx_word' id='word_1_86' title='bbox 638 2431 798 2499; x_wconf 86' lang='lat' dir='ltr'><strong>deterrere</strong></span> <span class='ocrx_word' id='word_1_87' title='bbox 830 2435 1006 2501; x_wconf 81' lang='lat' dir='ltr'><strong>obstinatos</strong></span> <span class='ocrx_word' id='word_1_88' title='bbox 1035 2451 1067 2500; x_wconf 91' lang='lat' dir='ltr'><strong>et</strong></span> 
     </span>
     <span class='ocr_line' id='line_1_16' title="bbox 92 2550 1069 2648; baseline 0.002 -32"><span class='ocrx_word' id='word_1_89' title='bbox 92 2567 263 2642; x_wconf 86' lang='lat' dir='ltr'><strong>corruptos</strong></span> <span class='ocrx_word' id='word_1_90' title='bbox 288 2550 526 2640; x_wconf 86' lang='lat' dir='ltr'><strong>delinquentes,</strong></span> <span class='ocrx_word' id='word_1_91' title='bbox 559 2550 616 2616; x_wconf 85' lang='lat' dir='ltr'><strong>sed</strong></span> <span class='ocrx_word' id='word_1_92' title='bbox 641 2551 720 2617; x_wconf 80' lang='lat' dir='ltr'><strong>baec</strong></span> <span class='ocrx_word' id='word_1_93' title='bbox 738 2552 848 2640; x_wconf 88' lang='lat' dir='ltr'><strong>opinio</strong></span> <span class='ocrx_word' id='word_1_94' title='bbox 864 2551 958 2618; x_wconf 80' lang='lat' dir='ltr'><strong>valde</strong></span> <span class='ocrx_word' id='word_1_95' title='bbox 971 2575 1069 2648; x_wconf 83' lang='lat' dir='ltr'><strong>¹erro·</strong></span> 
     </span>
     <span class='ocr_line' id='line_1_17' title="bbox 90 2669 1082 2736; baseline 0.005 -4"><span class='ocrx_word' id='word_1_96' title='bbox 90 2691 152 2734; x_wconf 83' lang='lat' dir='ltr'><strong>nes</strong></span> <span class='ocrx_word' id='word_1_97' title='bbox 176 2670 332 2736; x_wconf 82' lang='lat' dir='ltr'><strong>sententia</strong></span> <span class='ocrx_word' id='word_1_98' title='bbox 358 2669 480 2735; x_wconf 90' lang='lat' dir='ltr'><strong>nititur.</strong></span> <span class='ocrx_word' id='word_1_99' title='bbox 528 2669 616 2735; x_wconf 88' lang='lat' dir='ltr'><strong>Nihil</strong></span> <span class='ocrx_word' id='word_1_100' title='bbox 640 2669 726 2736; x_wconf 88' lang='lat' dir='ltr'><strong>enim</strong></span> <span class='ocrx_word' id='word_1_101' title='bbox 747 2669 920 2735; x_wconf 80' lang='lat' dir='ltr'><strong>terribilius</strong></span> <span class='ocrx_word' id='word_1_102' title='bbox 940 2669 1082 2736; x_wconf 85' lang='lat' dir='ltr'><strong>videtur·</strong></span> 
     </span>
     <span class='ocr_line' id='line_1_18' title="bbox 95 2784 1066 2872; baseline -0.001 -20"><span class='ocrx_word' id='word_1_103' title='bbox 95 2801 129 2852; x_wconf 89' lang='lat' dir='ltr'><strong>et</strong></span> <span class='ocrx_word' id='word_1_104' title='bbox 142 2809 252 2854; x_wconf 78' lang='lat' dir='ltr'><strong>revere</strong></span> <span class='ocrx_word' id='word_1_105' title='bbox 266 2803 335 2872; x_wconf 89' lang='lat' dir='ltr'><strong>est,</strong></span> <span class='ocrx_word' id='word_1_106' title='bbox 359 2786 534 2854; x_wconf 88' lang='lat' dir='ltr'><strong>secuudum</strong></span> <span class='ocrx_word' id='word_1_107' title='bbox 560 2787 786 2852; x_wconf 89' lang='lat' dir='ltr'><strong>nonnullorum</strong></span> <span class='ocrx_word' id='word_1_108' title='bbox 813 2784 1066 2872; x_wconf 87' lang='lat' dir='ltr'><strong>delinquentium</strong></span> 
     </span>
     <span class='ocr_line' id='line_1_19' title="bbox 94 2903 1065 2994; baseline 0 -26"><span class='ocrx_word' id='word_1_109' title='bbox 94 2905 164 2994; x_wconf 83' lang='lat' dir='ltr'><strong>ipsa</strong></span> <span class='ocrx_word' id='word_1_110' title='bbox 187 2904 305 2988; x_wconf 84' lang='lat' dir='ltr'><strong>verbs,</strong></span> <span class='ocrx_word' id='word_1_111' title='bbox 330 2927 427 2994; x_wconf 80' lang='lat' dir='ltr'><strong>quam</strong></span> <span class='ocrx_word' id='word_1_112' title='bbox 447 2903 609 2987; x_wconf 91' lang='lat' dir='ltr'><strong>solitudo,</strong></span> <span class='ocrx_word' id='word_1_113' title='bbox 640 2904 669 2969; x_wconf 92' lang='lat' dir='ltr'><strong>ei</strong></span> <span class='ocrx_word' id='word_1_114' title='bbox 691 2903 831 2986; x_wconf 91' lang='lat' dir='ltr'><strong>bomini,</strong></span> <span class='ocrx_word' id='word_1_115' title='bbox 865 2925 958 2990; x_wconf 89' lang='lat' dir='ltr'><strong>quem</strong></span> <span class='ocrx_word' id='word_1_116' title='bbox 990 2925 1065 2968; x_wconf 87' lang='lat' dir='ltr'><strong>con-</strong></span> 
     </span>
     <span class='ocr_line' id='line_1_20' title="bbox 90 3018 1063 3113; baseline -0.002 -23"><span class='ocrx_word' id='word_1_117' title='bbox 90 3024 243 3091; x_wconf 78' lang='lat' dir='ltr'><strong>scientiae</strong></span> <span class='ocrx_word' id='word_1_118' title='bbox 256 3025 390 3092; x_wconf 81' lang='lat' dir='ltr'><strong>scerbus</strong></span> <span class='ocrx_word' id='word_1_119' title='bbox 405 3025 548 3090; x_wconf 89' lang='lat' dir='ltr'><strong>stimulus</strong></span> <span class='ocrx_word' id='word_1_120' title='bbox 566 3023 678 3113; x_wconf 82' lang='lat' dir='ltr'><strong>pungit</strong></span> <span class='ocrx_word' id='word_1_121' title='bbox 693 3021 752 3110; x_wconf 89' lang='lat'>(1).</span> <span class='ocrx_word' id='word_1_122' title='bbox 801 3018 951 3102; x_wconf 85' lang='lat' dir='ltr'><strong>Accedit,</strong></span> <span class='ocrx_word' id='word_1_123' title='bbox 976 3018 1063 3111; x_wconf 86' lang='lat' dir='ltr'><strong>quod</strong></span> 
     </span>
    </p>
   </div>
   <div class='ocr_carea' id='block_1_3' title="bbox 114 3348 1065 4416">
    <p class='ocr_par' dir='ltr' id='par_1_5' title="bbox 114 3348 1065 4229">
     <span class='ocr_line' id='line_1_21' title="bbox 114 3348 1064 3417; baseline 0.002 -21"><span class='ocrx_word' id='word_1_124' title='bbox 114 3349 157 3414; x_wconf 84' lang='grc'><strong>(1)</strong></span> <span class='ocrx_word' id='word_1_125' title='bbox 175 3348 256 3399; x_wconf 73' lang='lat' dir='ltr'><strong>Probe</strong></span> <span class='ocrx_word' id='word_1_126' title='bbox 282 3350 389 3399; x_wconf 76' lang='lat' dir='ltr'><strong>sensisse</strong></span> <span class='ocrx_word' id='word_1_127' title='bbox 418 3365 478 3400; x_wconf 79' lang='lat' dir='ltr'><strong>tero</strong></span> <span class='ocrx_word' id='word_1_128' title='bbox 504 3351 570 3417; x_wconf 79' lang='lat' dir='ltr'><strong>ipsos</strong></span> <span class='ocrx_word' id='word_1_129' title='bbox 594 3349 756 3401; x_wconf 79' lang='lat' dir='ltr'><strong>tmerimnoe</strong></span> <span class='ocrx_word' id='word_1_130' title='bbox 774 3349 969 3413; x_wconf 65' lang='lat' dir='ltr'><strong>leguminum,</strong></span> <span class='ocrx_word' id='word_1_131' title='bbox 989 3363 1064 3412; x_wconf 80' lang='lat' dir='ltr'><strong>quem</strong></span> 
     </span>
     <span class='ocr_line' id='line_1_22' title="bbox 179 3439 1064 3506; baseline 0.001 -17"><span class='ocrx_word' id='word_1_132' title='bbox 179 3441 241 3490; x_wconf 78' lang='lat' dir='ltr'><strong>dure</strong></span> <span class='ocrx_word' id='word_1_133' title='bbox 266 3446 335 3491; x_wconf 80' lang='lat' dir='ltr'><strong>emt</strong></span> <span class='ocrx_word' id='word_1_134' title='bbox 352 3442 460 3492; x_wconf 81' lang='lat' dir='ltr'><strong>tolitetii</strong></span> <span class='ocrx_word' id='word_1_135' title='bbox 479 3443 587 3492; x_wconf 79' lang='lat' dir='ltr'><strong>uetueris</strong></span> <span class='ocrx_word' id='word_1_136' title='bbox 606 3455 703 3506; x_wconf 79' lang='lat' dir='ltr'><strong>poene,</strong></span> <span class='ocrx_word' id='word_1_137' title='bbox 723 3441 843 3505; x_wconf 77' lang='lat' dir='ltr'><strong>probetur</strong></span> <span class='ocrx_word' id='word_1_138' title='bbox 859 3455 906 3496; x_wconf 85' lang='lat' dir='ltr'><strong>eo,</strong></span> <span class='ocrx_word' id='word_1_139' title='bbox 925 3439 993 3501; x_wconf 86' lang='lat' dir='ltr'><strong>quod</strong></span> <span class='ocrx_word' id='word_1_140' title='bbox 1010 3445 1064 3490; x_wconf 80' lang='lat' dir='ltr'><strong>ste·</strong></span> 
     </span>
     <span class='ocr_line' id='line_1_23' title="bbox 178 3527 1064 3597; baseline 0.001 -17"><span class='ocrx_word' id='word_1_141' title='bbox 178 3536 299 3582; x_wconf 80' lang='lat' dir='ltr'><strong>toemntr</strong></span> <span class='ocrx_word' id='word_1_142' title='bbox 330 3529 490 3584; x_wconf 73' lang='lat' dir='ltr'><strong>Preeiectum</strong></span> <span class='ocrx_word' id='word_1_143' title='bbox 522 3529 630 3583; x_wconf 79' lang='lat' dir='ltr'><strong>cerneris</strong></span> <span class='ocrx_word' id='word_1_144' title='bbox 656 3527 777 3597; x_wconf 79' lang='lat' dir='ltr'><strong>temporit</strong></span> <span class='ocrx_word' id='word_1_145' title='bbox 809 3545 906 3594; x_wconf 76' lang='lat' dir='ltr'><strong>poeste</strong></span> <span class='ocrx_word' id='word_1_146' title='bbox 929 3531 1064 3581; x_wconf 78' lang='lat' dir='ltr'><strong>constituti</strong></span> 
     </span>
     <span class='ocr_line' id='line_1_24' title="bbox 179 3595 1061 3689; baseline 0.001 -18"><span class='ocrx_word' id='word_1_147' title='bbox 179 3623 348 3674; x_wconf 79' lang='lat' dir='ltr'><strong>remissionem</strong></span> <span class='ocrx_word' id='word_1_148' title='bbox 372 3638 417 3689; x_wconf 81' lang='lat' dir='ltr'><strong>pro</strong></span> <span class='ocrx_word' id='word_1_149' title='bbox 441 3595 528 3673; x_wconf 74' lang='lat' dir='ltr'><strong>lubitu¹</strong></span> <span class='ocrx_word' id='word_1_150' title='bbox 550 3623 610 3673; x_wconf 75' lang='lat' dir='ltr'><strong>dere</strong></span> <span class='ocrx_word' id='word_1_151' title='bbox 632 3636 722 3688; x_wconf 80' lang='lat' dir='ltr'><strong>poste,</strong></span> <span class='ocrx_word' id='word_1_152' title='bbox 749 3635 778 3671; x_wconf 82' lang='lat' dir='ltr'><strong>ee</strong></span> <span class='ocrx_word' id='word_1_153' title='bbox 799 3625 881 3671; x_wconf 82' lang='lat' dir='ltr'><strong>temen</strong></span> <span class='ocrx_word' id='word_1_154' title='bbox 898 3621 1061 3682; x_wconf 83' lang='lat' dir='ltr'><strong>conditione.</strong></span> 
     </span>
     <span class='ocr_line' id='line_1_25' title="bbox 179 3709 1065 3780; baseline 0.001 -19"><span class='ocrx_word' id='word_1_155' title='bbox 179 3717 209 3762; x_wconf 90' lang='lat' dir='ltr'><strong>ut</strong></span> <span class='ocrx_word' id='word_1_156' title='bbox 225 3719 341 3779; x_wconf 80' lang='lat' dir='ltr'><strong>tempus,</strong></span> <span class='ocrx_word' id='word_1_157' title='bbox 360 3715 487 3763; x_wconf 79' lang='lat' dir='ltr'><strong>sententie</strong></span> <span class='ocrx_word' id='word_1_158' title='bbox 505 3711 710 3780; x_wconf 70' lang='lat' dir='ltr'><strong>praescriptum,</strong></span> <span class='ocrx_word' id='word_1_159' title='bbox 724 3709 830 3760; x_wconf 81' lang='lat' dir='ltr'><strong>durente</strong></span> <span class='ocrx_word' id='word_1_160' title='bbox 850 3711 998 3761; x_wconf 81' lang='lat' dir='ltr'><strong>detentione</strong></span> <span class='ocrx_word' id='word_1_161' title='bbox 1016 3714 1065 3762; x_wconf 89' lang='lat' dir='ltr'><strong>im·</strong></span> 
     </span>
     <span class='ocr_line' id='line_1_26' title="bbox 178 3799 1064 3866; baseline -0.008 -14"><span class='ocrx_word' id='word_1_162' title='bbox 178 3803 287 3866; x_wconf 76' lang='lat' dir='ltr'><strong>plentur.</strong></span> <span class='ocrx_word' id='word_1_163' title='bbox 324 3805 392 3854; x_wconf 72' lang='lat' dir='ltr'><strong>llaec</strong></span> <span class='ocrx_word' id='word_1_164' title='bbox 413 3803 545 3852; x_wconf 79' lang='lat' dir='ltr'><strong>firmentur</strong></span> <span class='ocrx_word' id='word_1_165' title='bbox 561 3799 720 3852; x_wconf 79' lang='lat' dir='ltr'><strong>celeberrimi</strong></span> <span class='ocrx_word' id='word_1_166' title='bbox 735 3799 826 3850; x_wconf 87' lang='lat' dir='ltr'><strong>medici</strong></span> <span class='ocrx_word' id='word_1_167' title='bbox 843 3813 969 3858; x_wconf 69' lang='lat' dir='ltr'><strong>recursor</strong></span> <span class='ocrx_word' id='word_1_168' title='bbox 989 3804 1064 3852; x_wconf 83' lang='lat' dir='ltr'><strong>teeti.</strong></span> 
     </span>
     <span class='ocr_line' id='line_1_27' title="bbox 176 3889 1062 3958; baseline 0.002 -17"><span class='ocrx_word' id='word_1_169' title='bbox 176 3895 276 3954; x_wconf 83' lang='lat' dir='ltr'><strong>monio,</strong></span> <span class='ocrx_word' id='word_1_170' title='bbox 306 3893 455 3955; x_wconf 75' lang='lat' dir='ltr'><strong>referentis,</strong></span> <span class='ocrx_word' id='word_1_171' title='bbox 484 3909 510 3942; x_wconf 85' lang='lat' dir='ltr'><strong>tc</strong></span> <span class='ocrx_word' id='word_1_172' title='bbox 537 3909 566 3943; x_wconf 83' lang='lat' dir='ltr'><strong>ex</strong></span> <span class='ocrx_word' id='word_1_173' title='bbox 593 3892 653 3958; x_wconf 82' lang='lat' dir='ltr'><strong>ipsit</strong></span> <span class='ocrx_word' id='word_1_174' title='bbox 675 3889 881 3954; x_wconf 81' lang='lat' dir='ltr'><strong>delinquentibus</strong></span> <span class='ocrx_word' id='word_1_175' title='bbox 906 3896 1062 3957; x_wconf 86' lang='lat' dir='ltr'><strong>compertum</strong></span> 
     </span>
     <span class='ocr_line' id='line_1_28' title="bbox 179 3983 1063 4050; baseline 0.001 -17"><span class='ocrx_word' id='word_1_176' title='bbox 179 3983 314 4045; x_wconf 70' lang='lat' dir='ltr'><strong>babuisse,</strong></span> <span class='ocrx_word' id='word_1_177' title='bbox 340 3985 408 4035; x_wconf 84' lang='lat' dir='ltr'><strong>benc</strong></span> <span class='ocrx_word' id='word_1_178' title='bbox 431 3984 599 4048; x_wconf 63' lang='lat' dir='ltr'><strong>merissimam</strong></span> <span class='ocrx_word' id='word_1_179' title='bbox 624 3999 728 4048; x_wconf 79' lang='lat' dir='ltr'><strong>poenum</strong></span> <span class='ocrx_word' id='word_1_180' title='bbox 752 3997 824 4041; x_wconf 82' lang='lat' dir='ltr'><strong>esse,</strong></span> <span class='ocrx_word' id='word_1_181' title='bbox 851 3997 1001 4046; x_wconf 81' lang='lat' dir='ltr'><strong>quemquem</strong></span> <span class='ocrx_word' id='word_1_182' title='bbox 1018 4000 1063 4050; x_wconf 79' lang='lat' dir='ltr'><strong>pro</strong></span> 
     </span>
     <span class='ocr_line' id='line_1_29' title="bbox 179 4073 1065 4142; baseline 0.002 -19"><span class='ocrx_word' id='word_1_183' title='bbox 179 4081 292 4142; x_wconf 80' lang='lat' dir='ltr'><strong>tempore</strong></span> <span class='ocrx_word' id='word_1_184' title='bbox 310 4076 359 4126; x_wconf 83' lang='lat' dir='ltr'><strong>suit</strong></span> <span class='ocrx_word' id='word_1_185' title='bbox 377 4076 496 4140; x_wconf 69' lang='lat' dir='ltr'><strong>irrogetu-</strong></span> <span class='ocrx_word' id='word_1_186' title='bbox 531 4073 690 4125; x_wconf 77' lang='lat' dir='ltr'><strong>1emcrsbile</strong></span> <span class='ocrx_word' id='word_1_187' title='bbox 706 4073 845 4138; x_wconf 82' lang='lat' dir='ltr'><strong>exemplum</strong></span> <span class='ocrx_word' id='word_1_188' title='bbox 865 4073 942 4138; x_wconf 79' lang='lat' dir='ltr'><strong>hujus</strong></span> <span class='ocrx_word' id='word_1_189' title='bbox 960 4081 1065 4126; x_wconf 81' lang='lat' dir='ltr'><strong>senten·</strong></span> 
     </span>
     <span class='ocr_line' id='line_1_30' title="bbox 178 4164 1062 4229; baseline 0.003 -14"><span class='ocrx_word' id='word_1_190' title='bbox 178 4167 229 4216; x_wconf 74' lang='lat' dir='ltr'><strong>tiae</strong></span> <span class='ocrx_word' id='word_1_191' title='bbox 250 4167 300 4216; x_wconf 89' lang='lat' dir='ltr'><strong>erit</strong></span> <span class='ocrx_word' id='word_1_192' title='bbox 320 4167 375 4217; x_wconf 78' lang='lat' dir='ltr'><strong>sine</strong></span> <span class='ocrx_word' id='word_1_193' title='bbox 390 4165 485 4226; x_wconf 82' lang='lat' dir='ltr'><strong>dubio,</strong></span> <span class='ocrx_word' id='word_1_194' title='bbox 505 4165 572 4229; x_wconf 87' lang='lat' dir='ltr'><strong>quod</strong></span> <span class='ocrx_word' id='word_1_195' title='bbox 594 4165 673 4214; x_wconf 74' lang='lat' dir='ltr'><strong>refert</strong></span> <span class='ocrx_word' id='word_1_196' title='bbox 690 4178 854 4225; x_wconf 71' lang='lat' dir='ltr'><strong>tristetur,</strong></span> <span class='ocrx_word' id='word_1_197' title='bbox 873 4164 944 4216; x_wconf 79' lang='lat' dir='ltr'><strong>bisce</strong></span> <span class='ocrx_word' id='word_1_198' title='bbox 964 4167 1062 4218; x_wconf 79' lang='lat' dir='ltr'><strong>verbis:</strong></span> 
     </span>
    </p>

    <p class='ocr_par' dir='ltr' id='par_1_6' title="bbox 177 4253 1063 4416">
     <span class='ocr_line' id='line_1_31' title="bbox 211 4253 1063 4326; baseline 0.002 -20"><span class='ocrx_word' id='word_1_199' title='bbox 211 4255 332 4322; x_wconf 71' lang='lat' dir='ltr'><strong>»Quaeri</strong></span> <span class='ocrx_word' id='word_1_200' title='bbox 355 4272 388 4307; x_wconf 73' lang='lat' dir='ltr'><strong>en</strong></span> <span class='ocrx_word' id='word_1_201' title='bbox 414 4255 478 4308; x_wconf 82' lang='lat' dir='ltr'><strong>17ss</strong></span> <span class='ocrx_word' id='word_1_202' title='bbox 496 4263 580 4322; x_wconf 73' lang='lat' dir='ltr'><strong>pant</strong></span> <span class='ocrx_word' id='word_1_203' title='bbox 600 4254 626 4306; x_wconf 79' lang='lat' dir='ltr'><strong>la</strong></span> <span class='ocrx_word' id='word_1_204' title='bbox 642 4256 696 4314; x_wconf 77' lang='lat' dir='ltr'><strong>lot,</strong></span> <span class='ocrx_word' id='word_1_205' title='bbox 717 4255 764 4319; x_wconf 75' lang='lat' dir='ltr'><strong>qui</strong></span> <span class='ocrx_word' id='word_1_206' title='bbox 783 4253 921 4306; x_wconf 76' lang='lat' dir='ltr'><strong>atottmte</strong></span> <span class='ocrx_word' id='word_1_207' title='bbox 941 4257 968 4308; x_wconf 79' lang='lat' dir='ltr'><strong>lu</strong></span> <span class='ocrx_word' id='word_1_208' title='bbox 982 4263 1063 4326; x_wconf 73' lang='lat' dir='ltr'><strong>peius</strong></span> 
     </span>
     <span class='ocr_line' id='line_1_32' title="bbox 177 4345 1062 4416; baseline 0.006 -20"><span class='ocrx_word' id='word_1_209' title='bbox 177 4347 233 4396; x_wconf 74' lang='lat' dir='ltr'><strong>sete</strong></span> <span class='ocrx_word' id='word_1_210' title='bbox 260 4353 348 4408; x_wconf 74' lang='lat' dir='ltr'><strong>nort,</strong></span> <span class='ocrx_word' id='word_1_211' title='bbox 373 4346 398 4397; x_wconf 82' lang='lat' dir='ltr'><strong>el</strong></span> <span class='ocrx_word' id='word_1_212' title='bbox 413 4347 461 4412; x_wconf 78' lang='lat' dir='ltr'><strong>qui</strong></span> <span class='ocrx_word' id='word_1_213' title='bbox 480 4345 624 4398; x_wconf 72' lang='lat' dir='ltr'><strong>ordonnutt</strong></span> <span class='ocrx_word' id='word_1_214' title='bbox 644 4346 667 4395; x_wconf 82' lang='lat' dir='ltr'><strong>le</strong></span> <span class='ocrx_word' id='word_1_215' title='bbox 686 4361 808 4397; x_wconf 73' lang='lat' dir='ltr'><strong>nouem</strong></span> <span class='ocrx_word' id='word_1_216' title='bbox 825 4349 925 4412; x_wconf 73' lang='lat' dir='ltr'><strong>riqim</strong></span> <span class='ocrx_word' id='word_1_217' title='bbox 943 4347 987 4400; x_wconf 81' lang='lat' dir='ltr'><strong>titt</strong></span> <span class='ocrx_word' id='word_1_218' title='bbox 1001 4354 1062 4416; x_wconf 72' lang='lat' dir='ltr'><strong>pri·</strong></span> 
     </span>
    </p>
   </div>
   <div class='ocr_carea' id='block_1_4' title="bbox 841 4469 877 4510">
    <p class='ocr_par' dir='ltr' id='par_1_7' title="bbox 841 4469 877 4510">
     <span class='ocr_line' id='line_1_33' title="bbox 841 4469 877 4510; baseline -0.028 0"><span class='ocrx_word' id='word_1_219' title='bbox 841 4469 877 4510; x_wconf 87' lang='lat'><strong>10</strong></span> 
     </span>
    </p>
   </div>
   <div class='ocr_carea' id='block_1_5' title="bbox 0 0 1224 4972">
    <p class='ocr_par' dir='ltr' id='par_1_8' title="bbox 0 0 1224 4972">
     <span class='ocr_line' id='line_1_34' title="bbox 0 0 1224 4972; baseline 0 1"><span class='ocrx_word' id='word_1_220' title='bbox 0 0 1224 4972; x_wconf 95' lang='lat' dir='ltr'><strong> </strong></span> 
     </span>
    </p>
   </div>
  </div>
 </body>
</html>
