2438 4972
230 873 276 960 a.)
307 871 489 936 Solitarium
506 891 682 950 carcerem,
701 866 831 932 durante
846 881 953 932 nocte.
1020 901 1023 906 ·
1102 879 1109 914 e

232 990 277 1077 b.)
308 989 486 1072 Silentium,
499 985 630 1052 durante
640 986 800 1052 communi
809 1007 976 1075 operarum
987 983 1144 1068 exercitio,

307 1103 456 1172 interdiu.
1152 1140 1157 1146 ·

230 1225 288 1315 11.)
320 1227 459 1312 &stema
469 1221 769 1310 Pauadeptemr.
784 1220 1150 1310 cherry-Halemeprae·

188 1343 300 1410 acribit
320 1327 480 1408 carcerem
501 1354 533 1405 et
548 1337 665 1404 laboris
681 1337 864 1404 exercitium
877 1337 1038 1421 salimes,
1057 1351 1151 1404 noctu

187 1459 398 1548 interdiuque.
1153 1498 1157 1511 ι

233 1579 374 1668 Syatema
388 1573 632 1656 Novi-Eboraci,
648 1571 735 1662 quod
748 1573 854 1639 multis
867 1575 902 1638 in
912 1574 1056 1662 partibus
1070 1597 1154 1640 conr·

189 1696 295 1787 parari
318 1693 436 1784 poterit
459 1715 532 1758 uun
554 1692 751 1758 institutione
774 1693 897 1758 interna
920 1692 1055 1758 carcaria
1073 1679 1156 1756 Gan·

190 1811 348 1896 darenaia,
379 1826 509 1878 auctore
536 1811 653 1877 comite
677 1831 789 1876 vanarn
810 1813 989 1897 11111‚jam
1013 1807 1089 1876 inde
1114 1809 1155 1885 ab

191 1952 275 1996 anno
303 1953 383 2020 ¹77¹
408 1930 455 1996 ibi
476 1926 677 2013 introducta,
700 1929 734 1992 in
758 1928 940 1994 Amricam
959 1925 1155 2016 Septentrio·

191 2048 295 2116 nalem
325 2047 542 2116 introductum
577 2063 644 2131 eat,
677 2069 760 2113 anno
792 2047 894 2130 1820,
929 2069 987 2136 per
1013 2045 1154 2111 oocaaio·

191 2189 266 2234 nem
292 2189 406 2234 norae.
423 2165 491 2232 alae
522 2163 707 2231 condendae
734 2165 768 2230 in
793 2187 920 2232 carcere
944 2163 1154 2230 Auburnenai.

191 2281 270 2348 Inde
294 2283 335 2348 ab
361 2303 445 2346 anno
476 2280 579 2364 1823,
603 2282 770 2371 praecipue
794 2305 891 2372 opera
911 2283 1070 2348 societatis
1092 2303 1158 2352 ‹attr-¹

193 2396 350 2464 ceremiae
372 2398 603 2480 Boatonieuaia,
624 2399 688 2463 hoc
706 2413 841 2486 systema
862 2400 897 2463 in
922 2397 960 2464 15
981 2399 1159 2465 carceribtu

191 2508 367 2577 adhibitum
396 2525 461 2592 eat,
496 2511 580 2576 inter
608 2533 687 2600 quoa
717 2528 844 2600 praeter
869 2516 972 2602 ipsum
997 2538 1161 2583 carcerem

191 2627 338 2694 Aubumt
365 2625 528 2693 conditum
551 2627 622 2717 (r),
658 2627 776 2694 eminet
803 2651 913 2696 carcer
938 2631 1162 2719 Siag-Singeu·

191 2753 237 2816 ais
256 2744 324 2836 (a),
348 2761 382 2812 et
405 2744 748 2835 Weetersfietdtemo(
768 2745 793 2836 ).

236 2865 380 2956 Syatema
399 2863 680 2951 Penmybraaicum
705 2887 733 2933 a.
756 2865 1036 2956 Philadelplrertac,
1059 2867 1159 2934 intro·

196 2982 378 3050 troductum
402 2984 500 3048 estin
516 2982 666 3050 Amet-ica
687 2983 854 3051 occasione
879 2982 1000 3050 conditi
1025 2988 1160 3053 carceris

196 3099 484 3190 Philadelphenaia,
514 3102 569 3188 qui
596 3099 725 3169 dentum
753 3124 839 3168 anno
872 3104 954 3191 1829
980 3104 1083 3193 patuit
1110 3103 1161 3170 de

195 3217 423 3308 linquentibus,
447 3215 658 3307 praecedente
687 3220 747 3285 hac
778 3221 813 3284 in
841 3243 877 3286 re
906 3221 1041 3286 caroeria
1066 3221 1162 3287 Prae·

196 3336 303 3425 posito
329 3357 514 3418 amarae,
538 3336 592 3424 qui
615 3335 679 3400 hoc
701 3351 836 3428 systema
858 3338 891 3402 in
916 3361 1042 3403 carcere
1069 3339 1160 3405 Glos-

197 3459 306 3522 cuerm'
321 3451 367 3540 (4)
397 3450 593 3521 adhibuerat.
640 3451 747 3518 Prima
771 3475 847 3519 vero
874 3455 963 3541 hujus
990 3458 1163 3544 systematis

200 3569 290 3658 origo
310 3567 488 3655 quaerenda
505 3585 553 3634 eat
568 3570 602 3635 in
621 3569 754 3661 egregiis
775 3572 995 3657 conaminibus
1004 3575 1162 3640 aooietatia

200 3685 392 3752 carcerariae
417 3683 702 3788 Philadelphenaia,
727 3711 808 3780 quae
826 3687 901 3756 inde
920 3691 960 3756 ab
975 3713 1059 3758 anno
1082 3692 1163 3782 1776
1183 3749 1185 3760 ,

229 3933 269 3998 (l)
286 3934 326 3986 Cf.
344 3935 523 3988 nociturna,
542 3944 585 3995 op.
602 3929 670 3982 laud.
690 3929 751 3983 tab.
764 3899 810 3980 tt.

228 4025 269 4089 (2)
286 4023 325 4074 ci.
344 4021 410 4072 idem
421 4043 433 4082 ,·
449 4035 492 4086 op.
510 4019 580 4072 laud.
599 4019 659 4071 tut.
679 4019 720 4070 17.

192 4157 196 4168 ,
228 4113 270 4180 (3)
286 4115 326 4166 ct.
343 4111 426 4171 idem,
446 4126 488 4177 op.
506 4109 574 4160 laud.
596 4110 655 4160 Tab.
680 4111 721 4162 18.

228 4197 269 4264 (t)
286 4199 326 4250 cf.
337 4197 368 4248 de
378 4197 427 4248 hoc
438 4214 553 4250 carcerei
573 4205 700 4250 taanenu
710 4215 807 4251 aarum
819 4234 827 4266 ,
842 4202 987 4256 Souaeaira
996 4193 1127 4262 d'Ecoate.
1136 4229 1169 4248 .-

294 4286 418 4344 diatreta.
