2438 4972
199 895 333 986 plutima
358 893 509 977 afferens,
531 892 662 958 nitentia
685 893 895 986 experientia,
916 867 1026 980 quibus
1047 895 1170 982 proba·

200 1029 250 1077 tur
276 1012 428 1101 exquisita
449 1011 601 1102 sagacitas
626 1025 658 1076 et
684 1009 820 1093 malitia,
845 1032 909 1099 qno
931 1026 1049 1076 mutum
1072 1033 1169 1076 com·

64 1135 67 1141 '
198 1132 352 1197 mercium
376 1133 459 1196 inter
479 1125 640 1212 homines,
663 1129 833 1220 praecipue
852 1130 936 1195 inter
949 1128 1168 1219 delinquentes

199 1249 362 1340 detentos,
392 1249 444 1315 vel
468 1248 682 1339 praesentibus
709 1248 805 1314 etiam
833 1246 1036 1332 cantodibus,
1065 1250 1169 1314 conti·

199 1383 324 1435 nuetur.
370 1365 545 1433 Confirmat
570 1367 653 1432 banc
676 1366 930 1433 observationem
949 1367 1168 1434 testimonium

199 1484 315 1552 medici
334 1485 468 1551 carceris
489 1485 639 1576 Newgate
659 1507 882 1570 ncnuunno,
905 1483 1062 1552 facundos
1086 1483 1169 1577 digi-

197 1619 303 1671 torum
316 1619 409 1669 nutos
423 1603 506 1669 inter
518 1601 736 1699 delinquentes
750 1604 813 1669 buc
829 1603 1006 1669 referentis.

240 1721 312 1810 tv.)
344 1721 391 1786 lix
413 1719 568 1787 relatione
590 1718 806 1812 delegatomm
826 1734 1017 1812 apotastate
1033 1718 1165 1810 legifera

198 1837 282 1903 Novi
300 1837 457 1923 Eboraci,
482 1861 566 1905 anno
595 1840 694 1929 18²7,
719 1863 779 1930 pro
798 1837 992 1929 inquirendis
1018 1853 1167 1928 systema·

197 1958 237 2023 tis
259 1957 472 2024 Aubusnensis
492 1955 630 2043 mendis,
654 1973 758 2048 patet:
781 1979 849 2024 non
872 1956 1015 2024 sufficere
1031 1957 1162 2047 castiga·

197 2075 294 2142 tionis
321 2073 462 2143 remedia
491 2074 695 2160 custodibus,
724 2074 857 2142 dmante
883 2075 1044 2142 communi
1066 2064 1161 2140 delin

196 2197 358 2282 quentium
379 2195 509 2277 labore,
535 2195 764 2284 competentia:
787 2194 971 2260 verberibus
992 2192 1161 2259 rebellibus

194 2311 301 2374 statim
328 2311 510 2400 applicatis,
544 2313 608 2376 boc
633 2311 797 2377 arbitrium
826 2310 1008 2378 custodibus
1035 2333 1161 2378 conces·

193 2445 262 2487 sum
277 2423 387 2487 abusui
403 2446 550 2512 campum
562 2427 758 2513 patefacere,
773 2444 806 2493 et
823 2429 884 2492 bac
900 2429 1080 2494 animorum
1094 2453 1159 2496 mu·

194 2553 249 2604 tna
270 2538 505 2628 exasperatione
526 2554 651 2628 tempus
673 2543 749 2623 teri,
772 2541 912 2629 alioquin
935 2545 1115 2632 impensum
1131 2548 1164 2612 in

152 2633 159 2646 ⁸
194 2677 322 2723 momm
342 2654 469 2721 illosum
490 2653 755 2722 emendationem.
1056 2717 1060 2722 .

240 2775 297 2866 V.)
331 2775 417 2843 Inter
444 2797 519 2842 vera
552 2774 766 2874 emolumenta
796 2777 973 2867 systematis
1001 2775 1164 2846 Philadel-

195 2895 322 2988 pbensis
349 2895 444 2962 etiam
473 2893 626 2984 pertinet,
659 2891 749 2984 quod
779 2895 879 2961 cellae
907 2893 1161 2986 delinquentibus

194 3011 368 3080 destinatae
382 3014 456 3080 satia
470 3013 593 3105 amplae
610 3014 691 3099 sint,
706 3028 743 3080 ut
758 3015 855 3081 etiam
870 3031 1070 3106 aegrotantes
1086 3038 1160 3106 pos·

193 3129 257 3195 sint
276 3130 311 3196 in
332 3131 408 3220 ipsis
431 3131 547 3198 curari.
593 3129 666 3213 Qua
684 3155 720 3197 re
737 3132 854 3199 vitatur
869 3133 998 3198 noxium
1011 3131 1091 3198 illud
1105 3156 1158 3200 en·

194 3269 267 3338 sum
294 3245 523 3331 emendationi,
549 3247 636 3336 quod
660 3250 808 3315 morbum
832 3265 1067 3340 praetexentes,
1092 3272 1158 3315 non

195 3389 275 3456 opus
303 3371 344 3432 sit
367 3367 439 3432 illos
467 3381 681 3458 transportare
710 3366 751 3432 ad
776 3369 1016 3453 nosocomium,
1046 3391 1160 3458 pravo·

195 3507 265 3553 mm
296 3485 505 3552 conciliorum
535 3487 619 3550 inter
649 3482 867 3574 delinquentes
896 3485 1044 3575 frequens
1074 3488 1160 3554 thea-

193 3617 297 3686 tmm3
321 3600 469 3692 quodque
494 3603 528 3667 in
553 3602 693 3669 solitaria
718 3601 798 3668 cella
825 3602 939 3669 inclusi
964 3625 1038 3669 cum
1060 3601 1159 3670 divim

193 3719 284 3786 verbi
302 3719 465 3806 ministro,
481 3719 602 3788 facilius
619 3722 758 3787 animum
776 3743 794 3786 a
810 3743 908 3810 prava
923 3722 976 3787 via
991 3719 1160 3790 deflectere

193 3838 324 3927 posunt.
465 3855 468 3862 ’

154 4047 156 4052 ’
282 4069 298 4100 a
312 4061 426 4106 sensata
439 4056 471 4104 de
482 4053 696 4112 concalesceret,
713 4056 760 4118 qai
775 4055 903 4104 serenti
911 4069 1005 4120 poem
1020 4058 1057 4106 da
1072 4059 1168 4122 riqine

285 4149 343 4196 ada
367 4147 394 4197 lo
418 4147 533 4197 malodis
554 4160 591 4195 oss
618 4147 717 4211 νίψω
744 4145 775 4194 de
799 4145 827 4194 ln
852 4147 929 4194 wate
953 4147 1069 4206 morale,
1089 4150 1121 4199 da
1139 4149 1166 4198 lo

633 4326 651 4372 Ε
654 4339 923 4376 rrrrrrrrrrrrrrr
941 4343 972 4393 pa
973 4343 1115 4381 tttttttt
