2460 4530
631 238 674 304 66

175 477 306 526 macrus
323 457 447 521 citatos.
491 451 578 534 Quid
591 455 653 520 bac
667 453 702 519 in
717 475 769 536 re,
787 454 1018 544 Imperatorum
1035 473 1145 530 aetate

174 573 347 639 obtinuerit
367 568 565 640 videbimus„
842 559 847 578 ⁸

216 691 266 757 De
288 691 383 756 servis
401 691 585 779 praesertim
598 686 680 754 etde
691 688 813 755 libertis
827 678 970 780 ingratia,
992 695 1046 782 qui
1057 717 1142 762 non.

173 831 333 897 nunquam
349 809 383 872 in
398 806 549 898 ergastula
559 831 592 876 v.
603 807 769 872 lautumias
785 809 1054 896 conjiciebantur,
1069 814 1145 880 nul·

171 926 239 994 lum
263 943 311 992 est
331 925 480 1008 dubium,
504 927 579 1014 quin
600 925 761 1014 potuerint
783 924 824 992 ad
845 943 1000 1018 perpetua
1015 931 1147 998 uincula

174 1045 326 1112 damnari.
363 1045 559 1134 Argumenta
573 1043 655 1110 estl.
676 1066 714 1108 ιο
731 1043 806 1111 cod.
821 1042 997 1134 dapoenn.
1037 1049 1144 1118 Etiam

173 1163 290 1230 liberos
304 1162 448 1228 homines
459 1155 640 1228 ad‘vinnda
653 1159 795 1228 damnari
806 1163 962 1252 potuisse,
975 1164 1002 1230 si
1015 1166 1145 1254 quaidem

171 1303 238 1346 non
255 1278 295 1345 ad
312 1279 436 1346 vincula
449 1295 617 1370 pemetua,
635 1294 726 1368 patet
740 1301 779 1344 ex
788 1279 868 1346 locis
884 1303 983 1348 ranna
1001 1280 1142 1374 (Recepi.

172 1399 257 1464 Sent.
271 1397 345 1464 Lib.
363 1400 405 1482 V,
426 1399 490 1466 Ta.
509 1415 569 1483 17,
593 1395 674 1485 83),
697 1397 752 1462 ubi
763 1398 847 1464 inter
860 1399 1004 1464 minimae
1018 1423 1143 1490 poenas

173 1517 269 1582 etiam
285 1517 409 1584 vincula
428 1531 581 1586 recenset.
618 1515 719 1580 Porro
734 1516 769 1582 in
785 1515 860 1582 loco
877 1539 1011 1584 aarum
1022 1516 1076 1606 (Ia.
1098 1518 1140 1604 3,

172 1642 190 1718 S
206 1637 262 1720 16,
270 1637 321 1727 ff.
335 1637 375 1701 de
389 1659 475 1706 suan.
494 1649 551 1702 tut.
568 1648 600 1699 et
613 1633 716 1723 cun),
739 1634 796 1700 ubi
812 1635 936 1701 vacula
943 1634 1092 1724 publica,
1109 1652 1145 1702 et

172 1757 212 1820 L.
233 1779 265 1837 1,
291 1759 360 1836 Sd,
369 1755 420 1843 ff.
436 1751 692 1836 deabatoribum
709 1752 764 1818 ubi
780 1753 949 1818 bummtaa
966 1753 1002 1842 (i.
1023 1778 1052 1821 e.
1078 1777 1150 1822 car·

173 1873 291 1961 cerem)
318 1887 349 1938 et
372 1874 495 1938 vincula
512 1871 644 1962 publica
663 1873 805 1963 legimus.
838 1871 922 1938 'Imo
939 1871 1030 1947 lo'cua
1046 1877 1146 1942 ambi·

175 2013 253 2080 guus
269 2011 402 2054 uurmnr
425 1989 476 2076 (L.
491 1992 531 2072 8,
551 1995 623 2076 59,
636 1991 681 2079 fs.
699 1989 870 2080 depoenia)
885 1991 912 2054 si
929 2014 1004 2056 eum
1019 1989 1060 2056 de
1075 1993 1148 2058 vin-

176 2105 255 2170 culis
280 2114 476 2196 temporariis
497 2107 686 2196 accipimus,
713 2109 776 2172 buc
794 2107 871 2175 facit
894 2106 934 2172 ad
955 2112 1146 2175 sententiam

176 2221 437 2291 confirmandam.
492 2223 570 2306 Quis
597 2225 828 2314 Imperatorum
848 2206 972 2291 vincula
989 2227 1149 2316 perpetua

177 2343 391 2434 abrogaverit,
413 2365 480 2408 non
500 2359 634 2410 constat.
681 2343 837 2410 'l'rnrnrns
855 2344 956 2427 enim,
976 2357 1054 2409 teste
1069 2367 1146 2410 suu·

100 2539 102 2542 ,
177 2485 294 2546 rouro,
318 2462 434 2528 multos
451 2462 582 2527 vincaulis
597 2463 756 2552 perpetuis
777 2461 911 2552 punivit.

221 2583 267 2646 Ex
291 2581 366 2645 loco
390 2601 599 2648 ouuursrntrt
622 2579 672 2668 (L.
696 2577 736 2645 35
753 2579 804 2669 ff.
831 2580 871 2644 de
887 2577 1014 2668 poenis)
1036 2593 1145 2668 patet,

179 2719 374 2762 amararum
394 2698 595 2765 confirmasse
614 2694 761 2762 mandata
782 2696 973 2787 principalia
996 2696 1037 2762 ad
1059 2720 1148 2788 prae·

180 2813 281 2898 sides,
309 2815 419 2904 quibus
443 2816 595 2905 abrogata
618 2831 702 2880 sunt.
748 2813 885 2881 Vincula
905 2816 1002 2880 etiam
1024 2816 1148 2904 saepius

181 2929 380 3000 addebantur
396 2930 459 3022 (r),
472 2948 513 2998 ,et
532 2929 603 2997 reus
621 2934 793 3022 cogebatur
811 2955 849 2998 ex
868 2931 1002 2998 vinculis
1020 2955 1149 2998 causam

171 3144 514 3156 ---—-——--———---—---

210 3258 251 3324 (l)
269 3258 389 3310 toletana
401 3259 476 3309 aliam
486 3259 591 3311 Romani
601 3259 758 3310 committere
771 3273 843 3332 reae,
854 3247 959 3310 a'rbiirio
968 3259 1083 3325 Judioia,
1100 3263 1155 3312 mi·

275 3351 322 3401 tta·
335 3348 515 3401 ooaiodiendoa
528 3349 614 3415 (cujac
626 3351 663 3400 rei
678 3350 831 3400 contrarium
844 3365 903 3402 vero
917 3349 1007 3401 euadat
1023 3367 1156 3403 auratam

274 3441 340 3508 apud
365 3440 500 3509 utuntur),
528 3440 571 3492 aed
587 3457 640 3491 non
656 3441 731 3505 laeile
749 3439 883 3493 tradebant
900 3442 959 3493 illoc
978 3445 1066 3494 tironi
1081 3443 1112 3508 (i.
1131 3461 1159 3499 e·

274 3532 351 3582 millii
371 3531 481 3584 nondum
498 3532 524 3582 in
541 3547 657 3583 numeror
673 3532 771 3596 relato,
795 3533 908 3605 novicio)
926 3549 984 3586 nam
1001 3535 1023 3584 ai
1040 3535 1161 3588 evaderet

276 3637 351 3684 reue,
377 3627 422 3672 aut
441 3638 484 3689 per
501 3623 712 3686 mirericordiam,
731 3627 776 3676 aui
801 3639 846 3692 per
871 3625 1051 3690 negligentiam
1069 3632 1161 3676 cuato-

276 3712 386 3785 dieniia,
401 3715 442 3764 vel
456 3719 592 3782 corrupto,
611 3717 719 3782 pecunia
729 3717 800 3777 data,
821 3715 919 3779 millia,
935 3731 985 3766 non
996 3720 1047 3766 ium
1065 3717 1161 3780 tironi,

275 3819 350 3866 quum
367 3808 394 3854 ei
411 3806 436 3856 ci
454 3805 571 3872 imputari
589 3810 705 3872 polemi,
724 3807 810 3872 quial
827 3807 897 3882 illam
914 3807 1039 3858 commitit
1058 3807 1090 3869 (1.
1106 3809 1162 3861 alt.

269 3893 305 3957 ff.
323 3893 354 3943 de
370 3908 440 3948 reor.
459 3898 549 3962 curt).
577 3895 701 3947 lalebant
720 3913 791 3951 reum
804 3897 904 3951 tradere
922 3897 1021 3950 duobus
1036 3899 1163 3953 militibua
