2430 4988
528 561 571 629 47

63 791 98 839 et
122 789 157 837 ut
185 771 312 837 videam
336 769 468 835 totidem
493 771 615 858 noctes)
641 771 666 833 si
691 771 752 834 boc
765 792 887 860 poenae
900 771 1026 860 insuper

61 889 221 958 addiderit
245 889 455 978 (προστιμήσῃ)
482 889 617 962 Heliam
638 887 698 976 (1)ss
747 889 865 978 Capitis
887 888 1026 982 damnati

60 1010 155 1076 nullis
178 1009 338 1097 exquisitis
363 1007 522 1098 suppliciis
546 1007 690 1073 solebant
716 1005 757 1070 ab
784 1006 1027 1074 Atheniensibus

61 1126 176 1210 allici,
210 1147 385 1214 eorumque
418 1125 537 1190 urbana
568 1123 745 1189 humaniter
777 1145 887 1188 omnes
917 1125 1027 1190 mortis

63 1267 204 1336 poenam
224 1259 348 1332 praeter
370 1245 493 1309 cicutae
512 1243 655 1308 baustum
681 1241 729 1330 (ed
746 1241 885 1330 κώνειον)
903 1264 1028 1332 respue·

65 1364 145 1445 bat,
168 1361 252 1451 qaod
277 1361 396 1452 poculo
423 1361 705 1450 comprehensum,
729 1359 871 1426 adstante
894 1382 959 1426 uno
979 1361 1029 1426 vel

67 1479 171 1546 altero
199 1481 339 1546 ministro
366 1477 512 1569 publico,
536 1477 571 1542 in
598 1499 724 1544 earcere
751 1479 943 1544 sumebatur.
989 1479 1029 1542 Et

65 1598 93 1661 si
116 1611 232 1663 attente
253 1593 486 1663 consideramus
509 1609 609 1660 totam
630 1597 740 1661 mortis
763 1619 910 1664 secum
929 1598 1028 1664 histo·

64 1715 168 1796 mam,
191 1715 237 1779 uti
261 1737 331 1780 eam
353 1713 451 1780 refert
475 1735 577 1779 auaro
598 1713 632 1778 in
649 1713 819 1778 Phaedone
830 1713 895 1805 (a),
918 1717 1027 1781 huma·

64 1833 157 1897 nitati
179 1832 417 1898 Atheniensium
439 1851 514 1920 erga
537 1831 679 1920 captivos
697 1830 732 1894 in
749 1851 876 1895 carcere
890 1853 1028 1898 summae

64 1947 176 2014 laudea
202 1965 275 2013 stent
298 1948 495 2015 tribuendae.
541 1949 624 2013 Nam
646 1947 738 2012 amici
761 1969 909 2012 socaarts
933 1969 1029 2036 quum

67 2063 266 2131 advenissent
288 2065 328 2132 ad
352 2067 486 2133 carceris
511 2069 656 2154 januam,
678 2064 887 2156 rogabantur,
910 2081 946 2130 ut
968 2063 1031 2131 vel·

67 2183 139 2248 lent
157 2183 325 2272 paullulum
344 2199 544 2274 exspectare,
564 2181 667 2249 donec
686 2183 742 2248 XI
751 2190 810 2247 viri
826 2181 897 2274 (per
911 2183 1027 2272 euphe-

65 2301 211 2366 rnismum
233 2303 364 2368 atticum
386 2325 447 2392 pro
469 2307 620 2368 ministris
632 2303 779 2388 J'usta'tlce
788 2299 947 2391 publicae)
965 2302 1030 2367 ain·

66 2419 145 2485 ‹atlis
169 2441 303 2486 secura
325 2417 457 2503 demtis,
481 2420 511 2486 ei
533 2417 731 2486 moriendum
753 2443 836 2504 esse,
860 2421 1029 2488 renuntias·

66 2552 151 2621 sent,
172 2553 245 2604 ante
263 2537 341 2604 solis
361 2559 520 2604 occasum.
567 2536 671 2636 Quum
692 2535 821 2628 aliquod
840 2553 963 2628 tempus
980 2561 1029 2604 ex·

65 2671 275 2744 spectassent,
306 2655 409 2748 rogati
436 2671 529 2739 sunt,
564 2679 605 2721 an
632 2640 749 2720 vellent
775 2655 905 2720 intrare.
956 2653 1029 2735 Quo

65 2773 170 2856 iacto,
201 2796 367 2840 eccum
395 2775 594 2842 interierunt
621 2772 802 2863 gravamine
832 2769 1030 2836 vinculorum

66 2890 253 2975 liberatum,
290 2912 363 2959 carm
395 2915 494 2959 auore
529 2913 706 2974 rimaran,
738 2887 902 2979 parvulum
932 2887 1031 2954 lilium

70 3009 209 3074 brachiis
229 3011 437 3100 amplectente
458 3027 534 3076 cett.

114 3127 162 3191 Ex
182 3143 250 3196 toto
269 3130 332 3196 hoc
352 3129 427 3196 loco
448 3128 646 3196 memorabili
665 3143 768 3218 patet,
791 3127 933 3217 captivos
948 3125 1030 3212 jans

67 3245 130 3311 bari
150 3247 260 3314 solitos
281 3247 375 3314 irrisae
398 3247 558 3331 libertate,
580 3249 719 3337 quamvis
742 3245 874 3312 vinculis
896 3243 1029 3332 ligatos;

69 3368 187 3435 haecce
217 3367 310 3433 certis
339 3365 535 3456 temporibus
563 3363 685 3446 demta,
716 3377 749 3428 ct
777 3361 917 3450 captivos
946 3356 1031 3424 dulci

70 3484 185 3550 solatio
205 3483 327 3567 uxoris,
348 3483 547 3548 familiarium
564 3497 597 3547 et
612 3480 802 3560 amicorum,
825 3474 1031 3566 permittenti-

67 3601 125 3666 bus
153 3603 288 3667 careeris
312 3599 514 3691 praepositis,
542 3599 663 3692 gavisos
679 3596 783 3661 luisse.
829 3589 981 3658 Custodes
997 3607 1031 3657 et

68 3717 148 3784 elios
167 3719 327 3784 ministros
346 3709 493 3808 publicae
511 3715 648 3802 justitiae
663 3713 736 3781 eatis
755 3711 846 3778 mites
860 3710 954 3776 luisw
969 3731 1032 3776 aas·

98 4037 137 4102 (l)
153 4035 193 4086 cl.
211 4034 243 4085 ad
262 4036 344 4084 totam
357 4031 427 4082 banc
443 4031 528 4081 lacum
538 4025 1036 4096 palcbmrimaoammentallaatlcaault.

161 4143 212 4176 aaa
231 4139 360 4174 aetram
379 4121 521 4188 conacrlpta
538 4117 626 4185 auspi
643 4111 807 4179 ’Areptcefl

101 4221 140 4286 (2)
164 4217 283 4274 Pteme.
304 4233 328 4270 a.
349 4217 375 4268 ³.
