2430 4988
145 849 180 898 et
195 840 421 919 πεντεούρινγον
434 831 553 920 (Attice
566 833 686 921 τᾶλον).
732 831 817 898 Aliae
832 835 989 921 ποδονάνη
1003 859 1035 902 v.
1053 865 1107 906 πο-

144 953 295 1036 δοκάκκη,
317 949 453 1041 (cippus)
474 950 592 1039 (forsan
609 952 864 1016 insumentum:
882 951 978 1034 stol,
996 940 1110 1021 Stock·

142 1069 302 1160 echilling,
328 1071 362 1134 in
385 1067 472 1158 quod
494 1068 590 1158 peden
615 1069 809 1158 captivorum
832 1069 1055 1162 trudebantur)
1077 1097 1118 1172 ν.Ι

144 1191 334 1278 ποδοστράβῃ
348 1187 415 1276 (lat.
435 1187 558 1276 nervus)
573 1209 648 1252 aun.
667 1209 761 1252 cent.
778 1189 870 1254 Noct.
888 1191 957 1254 Att.
976 1190 1054 1273 XX,
1078 1215 1105 1256 1.

190 1307 236 1396 ³.)
269 1309 369 1384 Σανος
388 1304 510 1387 tabule,
529 1305 563 1369 in
576 1327 638 1392 qua
652 1303 787 1370 malefici
803 1304 996 1395 ligabantur,
1012 1307 1105 1395 (rnre-

141 1448 240 1492 rorn.
268 1422 469 1510 Thesmoph.)
493 1420 533 1487 V.
558 1425 634 1507 940.

185 1543 235 1632 4.)
266 1545 396 1628 Τροχός,
423 1553 515 1621 rota,
548 1537 709 1628 adquam
733 1539 831 1604 vincti
856 1541 954 1622 cerri,
979 1544 1035 1628 qui
1061 1540 1105 1606 lu·

140 1673 267 1751 gerant,
290 1657 470 1746 furtumque
494 1656 652 1740 fecerant,
676 1656 857 1728 verberibus
879 1656 1101 1726 caedebantur.

141 1777 228 1844 Alias
249 1775 411 1860 ξολοπέδη.

186 1895 235 1960 De
260 1893 420 1960 vocabulo
444 1908 555 1959 notatu
579 1891 775 1984 dignieeimo:
800 1895 992 1962 detinemur.
1009 1898 1103 1976 οἰνογ-

141 2021 229 2084 ναῖον
260 2013 417 2078 invenitur
453 2011 542 2077 locus
577 2009 718 2100 egregius
751 2007 835 2100 apud
865 2024 1036 2076 sernum
1066 2009 1103 2076 ad

143 2155 262 2198 uranu
277 2131 315 2195 P.
331 2127 410 2216 493,
427 2128 482 2192 ubi
497 2129 598 2218 agitur
613 2125 654 2192 de
668 2127 845 2218 fragmento
860 2127 1021 2194 Omtionie
1035 2152 1104 2195 con·

141 2265 191 2314 tre
217 2267 410 2312 uuonan.
467 2241 670 2309 Adversarius
700 2243 769 2316 scil.
799 2243 910 2331 objicit
935 2268 1100 2328 neuere,

139 2362 226 2452 quod
254 2382 496 2426 nuncnune
524 2357 712 2447 quemdam,
735 2360 885 2427 libertum
910 2385 1001 2428 suurn
1021 2364 1103 2428 hunc

140 2504 207 2548 ecee
234 2493 391 2561 caueattte,
414 2479 449 2542 in
477 2500 637 2542 carcerem
662 2479 868 2566 conjecisset,
890 2503 993 2568 neque
1018 2481 1103 2569 prius

139 2598 319 2678 dimisisset,
337 2619 432 2685 quem
447 2595 539 2661 XXX
554 2595 711 2672 dracbmie
724 2598 765 2662 ab
780 2621 821 2662 eo
838 2599 966 2665 exactis.
999 2598 1103 2664 ttius·

138 2739 233 2784 eacus
254 2729 361 2783 censet
383 2719 419 2783 τὸ
442 2717 611 2797 ἀναγκαῖον
623 2723 784 2804 privatum
798 2715 908 2805 fatere
929 2739 1105 2796 carcerem

138 2834 182 2903 de
198 2839 261 2926 qun
280 2849 386 2901 temen
406 2831 623 2905 dubitandum.
671 2833 752 2898 Nam
766 2833 798 2897 in
811 2855 927 2906 suman
940 2832 1032 2916 loco,
1051 2833 1103 2897 ubi

140 2957 290 3022 ἀνάκειον
308 2949 435 3026 definit:
460 2954 751 3038 ιυτὸοεσμοοτήοοονι
771 2953 843 3027 ried
859 2952 1026 3020 κατέθεντο
1038 2954 1104 3025 τοὺς

139 3073 308 3154 ’πονηρούς
338 3070 464 3146 δόνλοος
492 3076 543 3138 ecl
571 3077 633 3141 τῶν
662 3069 871 3157 ἀπελευθέρων
900 3074 969 3145 τούς
997 3094 1106 3153 cerra-

139 3185 301 3270 antron?
323 3187 375 3250 vix
400 3185 535 3254 discerni
559 3203 811 3279 potest,ut1um
837 3185 878 3254 de
898 3188 1039 3276 privata,
1063 3209 1101 3250 an

139 3304 268 3398 publica
295 3319 367 3393 agat
395 3305 599 3370 coiircitione.
652 3304 829 3372 Verisimile
850 3303 993 3386 videtur,
1023 3327 1103 3369 nnn·

139 3443 333 3502 moenam,
356 3422 496 3505 μέτοικον
524 3421 609 3488 baud
636 3420 748 3506 dubie,
778 3423 820 3488 ab
846 3443 1003 3488 nemone
1030 3423 1103 3490 dere·
1139 3468 1141 3471 v

139 3543 242 3618 ςοοίοο
265 3537 399 3627 (prediti
421 3563 498 3628 erga
515 3552 686 3628 patronum
706 3539 818 3632 officii)
839 3537 1050 3628 postulatum,
1074 3555 1106 3606 et

139 3673 236 3739 quum
257 3647 352 3714 vades
374 3646 449 3714 dare
467 3671 533 3714 non
549 3664 672 3738 posset,
696 3650 730 3713 in
747 3671 907 3713 carcerem
924 3651 1103 3735 conjectum

139 3765 250 3849 inisse,
272 3788 347 3831 mox
366 3787 442 3830 vcro
462 3787 660 3846 annuorum,
676 3765 810 3854 pecunia
826 3780 975 3853 accepta,
995 3765 1035 3829 ab
1052 3787 1106 3830 ac·

139 3883 227 3946 done
256 3879 429 3963 destitieee3
461 3903 524 3969 quo
550 3879 656 3963 lacto,
681 3880 736 3945 ille
766 3878 901 3947 debebat
929 3903 948 3946 e
976 3903 1103 3948 carcere

140 3996 267 4062 dimitti.
313 3997 460 4062 Ceterum
489 3995 576 4086 quod
603 3995 642 4063 ad
670 3999 884 4086 quaestionem
913 3996 954 4063 de
983 3997 1103 4063 diversa

139 4109 286 4177 vocabuli
309 4113 476 4195 ἀναγκαῖον
503 4113 660 4181 scribendi
682 4116 820 4198 ratione,
850 4113 1033 4180 resolvenda
1057 4116 1102 4181 vi·

141 4227 232 4296 detur
247 4249 305 4310 eo,
324 4227 409 4314 quod
424 4232 574 4300 ererum
587 4231 738 4298 Boeotice
760 4231 882 4299 dictum
901 4233 941 4300 eit
955 4256 973 4300 a
988 4255 1101 4316 enim,
