2438 4972
196 911 335 962 tecturae
359 895 547 966 formarunt
572 915 699 961 carcere
724 891 916 959 incluaomm
939 889 1156 961 conditionem

195 1015 385 1104 spectantis,
405 1009 497 1102 ‚quod
512 1010 657 1086 nomine:
679 1017 856 1098 ayeumadt
864 1015 1105 1100 poenitentert'i,
1126 1010 1158 1076 in

197 1134 310 1202 multas
321 1133 487 1200 Americae
498 1129 757 1220 septentrionalis
768 1144 873 1218 partes
883 1145 916 1194 et
928 1129 1025 1197 etiam
1036 1129 1070 1196 in
1083 1151 1158 1196 non·

198 1251 300 1318 nullas
309 1265 413 1342 partes
422 1251 567 1339 Europae
583 1244 786 1312 introducere
798 1262 972 1335 coeperunt
985 1246 1037 1312 rel
1051 1245 1158 1320 salman

196 1365 461 1438 introducendum
486 1381 646 1436 suaserunt
671 1365 816 1432 nonnulli
841 1365 959 1456 egregii
984 1365 1058 1432 riri.
1110 1365 1158 1434 De

196 1510 260 1576 quo
276 1502 440 1576 systemate
457 1507 532 1549 mox
545 1507 646 1574 pauca
661 1482 850 1550 videbimus.
897 1483 1042 1548 Primum
1057 1483 1160 1573 placet

196 1602 412 1686 considerare,
438 1601 514 1690 quid
535 1617 609 1692 post
632 1624 786 1670 unwanni
807 1617 968 1690 tempora,
990 1603 1159 1692 praecipue

195 1723 229 1786 in
255 1721 389 1787 Francia
418 1717 470 1808 (de
498 1720 682 1805 eliectibus,
712 1743 792 1808 quos
822 1743 975 1811 generosa
1005 1743 1159 1786 aowtant

196 1839 363 1904 conamina
382 1839 416 1904 in
436 1837 550 1930 Anglia
562 1853 594 1906 et
610 1838 758 1910 Anaetica
777 1837 1023 1927 septentrionali
1043 1838 1160 1904 habue—

196 1973 286 2043 runt,
298 1956 432 2025 vidimus
443 1958 626 2024 inllxcnrsu
635 1957 815 2046 historico),
829 1979 908 2045 quae
917 1971 1099 2045 promptam
1114 1957 1160 2022 rei

195 2077 388 2144 carcerariae
411 2076 666 2144 emendationem
687 2075 894 2142 desiderabat.
937 2077 1033 2138 Anno
1064 2075 1159 2164 1789,

195 2197 294 2262 turbis
307 2197 342 2260 in
358 2195 492 2260 Francia
506 2196 640 2278 exortis,
668 2218 764 2282 quum
782 2195 881 2278 cirea,
906 2194 994 2261 tetris
1007 2192 1157 2274 dissidiis,

193 2315 280 2383 bello
299 2315 448 2378 intestino
465 2313 628 2401 occupati,
652 2313 786 2400 patriam
803 2312 942 2399 quietem
960 2311 1160 2378 vehementer

192 2427 359 2516 fugarent,
397 2428 481 2492 inter
507 2427 607 2492 multa
642 2430 768 2516 egregie
797 2427 882 2494 facta
911 2428 1052 2508 atrocia,
1083 2449 1161 2516 quae

192 2519 325 2625 odium,
350 2539 534 2630 discordia,
557 2539 678 2605 invidia
702 2543 931 2632 suggerebant,
955 2543 1056 2610 multa
1076 2547 1161 2612 inre·
1206 2621 1212 2631 ι

193 2659 332 2726 niuntur.
378 2657 454 2725 Pars
482 2656 596 2724 victrix
626 2679 865 2744 nonnumquam
892 2655 1063 2726 crudeliter
1092 2685 1163 2729 sae-

193 2780 298 2846 viebat
325 2778 359 2842 in
384 2778 504 2862 rictos3
535 2799 596 2843 nec
621 2774 733 2841 desunt
759 2775 925 2866 exempla,
954 2774 1041 2864 qaod
1069 2801 1163 2870 saepe

193 2899 348 2981 miseros,
369 2896 514 2962 lonunae
534 2919 608 2962 casu
629 2909 803 2984 prostratos
823 2895 1025 2960 severissimis
1044 2899 1161 2988 snppli-

196 3016 253 3078 ciis
268 3030 300 3080 et
311 3012 471 3078 horrenda
493 3013 627 3078 carceris
643 3036 748 3104 poena
769 3012 950 3102 pertinerint
967 3013 1082 3080 inicum
1096 3018 1159 3080 ric·

194 3147 292 3198 tores.
339 3129 468 3221 Optime
485 3132 568 3198 banc
595 3131 791 3221 captivorum
814 3129 1050 3215 conditionem,
1069 3132 1162 3199 simul

197 3263 230 3315 et
259 3247 412 3313 Franciae
436 3248 549 3314 misere
572 3249 728 3314 laceratae
755 3271 794 3314 ex
822 3249 906 3314 libro
934 3273 1158 3336 neaeman,

195 3369 337 3438 Histoire
352 3365 554 3431 deerrante
569 3364 608 3429 de
623 3365 720 3430 Para
733 3379 767 3432 et
779 3363 836 3431 des
851 3365 1089 3458 Departenrents
1101 3382 1160 3437 ete.

96 3561 99 3569 ¹
196 3485 317 3552 discere
333 3485 419 3550 licet.

238 3601 358 3670 Verum
375 3625 472 3691 quum
487 3601 674 3696 mutationes
698 3601 964 3670 extraordinariae
978 3606 1014 3670 in
1034 3605 1162 3672 civitati·

196 3721 255 3788 bus
269 3721 353 3786 inter
365 3718 473 3786 acidos
488 3701 774 3786 etiam'ubentmos
790 3721 910 3787 fructus
925 3721 1048 3806 ferant,
1067 3721 1161 3815 digne

195 3842 260 3907 rari
285 3841 321 3906 hi
346 3839 464 3906 fructus
491 3837 674 3904 aestimandi
700 3854 782 3904 sunt.
829 3837 903 3905 Hoc
929 3839 1027 3906 etiam
1051 3863 1160 3906 rerum

197 3976 244 4026 est
259 3957 300 4026 de
313 3939 435 4024 mutato
447 3971 523 4021 tunc
547 3957 699 4046 temporis
714 3957 748 4021 in
762 3955 914 4042 Francia,
937 3981 1044 4026 rerum
1065 3975 1157 4025 statu.

195 4073 451 4166 indignabundus
470 4073 622 4164 populus,
650 4073 801 4165 adspectu
823 4098 913 4143 saeve
942 4101 1161 4168 oppressarum

196 4191 369 4281 tyrannidis
385 4194 582 4258 victimarum
592 4195 760 4278 excitatus,
775 4215 855 4283 quae
868 4197 991 4288 caepim
1002 4197 1159 4279 insontes,

193 4309 301 4377 saltem
327 4311 429 4374 minus
450 4309 625 4398 culpandae
656 4314 943 4402 potentissimarum
966 4315 1000 4380 in
1032 4315 1160 4382 civitate
