2430 4988
51 972 133 1018 vero
154 947 197 1016 ad
218 966 375 1015 nnwaanr
395 945 564 1011 conamina
586 945 620 1011 in
641 945 766 1037 Europa
788 967 961 1042 eorumquae
977 951 1025 1024 ef.

22 1109 27 1118 .
54 1071 176 1153 iectus,
204 1065 323 1134 relictis
350 1065 438 1132 lusce
464 1061 506 1130 de
528 1063 677 1132 Amerina
692 1063 936 1158 septentrionali
957 1095 1025 1144 am·
1143 1059 1153 1070 ’

49 1188 201 1279 upum.
320 1170 326 1182 “
486 1249 488 1256 .

100 1303 244 1393 Repietis
276 1300 422 1368 omnibus
448 1299 630 1366 carceribus
655 1301 689 1366 in
718 1301 834 1393 Anglia
857 1303 1023 1392 maleficis,

56 1435 136 1512 post
153 1419 275 1500 turbas,
299 1419 333 1484 in
350 1416 499 1484 America
513 1433 656 1502 exortas,
682 1417 759 1508 (quio
776 1419 871 1515 Angli
885 1420 1028 1492 solebant

58 1559 288 1627 nonnunquam
306 1534 470 1602 maleficos
491 1535 716 1626 transportare)
732 1559 895 1608 uowaaco
908 1538 1027 1608 reduce

57 1658 163 1739 sacto,
194 1680 231 1722 ex
253 1656 359 1747 primo
380 1648 444 1746 'per
468 1654 628 1744 Europam
649 1655 783 1741 itinere,
804 1680 890 1730 anno
923 1681 1024 1749 1779,

56 1773 209 1844 suadmte
232 1775 360 1866 egregio
384 1773 455 1839 Icto
469 1795 687 1856 cucuron,
711 1775 946 1846 Parltmeutum
961 1781 1027 1870 pri·

56 1917 144 1960 mam
172 1893 276 1986 legem
305 1891 516 1984 promulgavit
539 1889 580 1958 da
607 1891 804 1960 emendanda
824 1911 909 1964 sone
928 1898 1028 1988 capti·

56 2035 199 2095 vorum3
222 2033 286 2101 qun
313 2011 417 2093 iacto,
442 2031 623 2076 uowaacns
648 2023 682 2078 ct
706 2009 824 2078 amico
846 2016 928 2099 ejus,
949 2036 1030 2084 suur-

57 2151 131 2196 mus
152 2125 296 2196 medicus
318 2129 376 2196 Dr.
401 2149 632 2211 tornuerre,
658 2149 677 2196 e
700 2127 852 2198 totietate
865 2131 1030 2220 fian-um,

59 2263 97 2316 et
120 2269 280 2314 naum
301 2248 472 2338 praepositi
493 2246 621 2314 iuenrnt
645 2247 736 2314 noris
755 2247 933 2318 nucerium
950 2271 1028 2319 con·

59 2365 184 2434 dandis.
228 2364 371 2434 Disu'diis
398 2387 477 2433 raro
501 2365 638 2450 exortis,
659 2387 762 2454 neque
788 2365 839 2450 hi,
863 2391 966 2458 neque
984 2369 1026 2455 ii,

58 2487 113 2576 qui
139 2501 376 2570 successerunt,
397 2483 527 2552 efficere
555 2499 721 2574 poterant,
744 2499 781 2552 ut
804 2486 883 2554 haec
908 2487 960 2554 lex
982 2488 1028 2558 ei-

58 2605 178 2672 fectum
207 2603 384 2670 sortiretur.
442 2602 580 2670 Unicum
616 2601 795 2692 hujusmodi
828 2603 1028 2692 aedificium,

58 2721 333 2789 Gaudio-Casula
362 2719 572 2811 (Gloceuter),
612 2743 692 2810 ¹79¹
724 2720 1032 2815 conditum,pau1it

58 2840 305 2910 incarcerandis.
351 2841 453 2907 Tanta
475 2863 549 2908 cum
568 2843 756 2931 sagadtatc,
780 2841 814 2907 in
829 2841 1033 2930 exsequendis

58 2962 250 3053 propositis,
273 2974 412 3026 versatus
432 2975 495 3043 est,
520 2960 574 3050 qui
596 2959 673 3024 huic
694 2957 815 3024 carceri
834 2958 1032 3048 praepositio

58 3096 148 3162 erat,
174 3077 366 3144 Parlarnenti
394 3078 591 3158 membrum,
621 3097 722 3158 raon,
745 3089 782 3140 ut
812 3075 910 3164 1819,
934 3099 1031 3167 quum

61 3219 124 3289 per
153 3220 193 3286 ²7
219 3217 317 3262 annos
340 3196 493 3280 stetisset,
518 3217 627 3260 coram
650 3193 842 3262 Parlameuti
860 3212 967 3287 parte,
982 3212 1030 3266 te·

59 3316 138 3383 stari
160 3329 267 3406 posset
271 3362 282 3397 ,
305 3315 370 3380 hoc
391 3315 570 3380 institutum
583 3312 786 3382 conditorum
801 3339 891 3406 spem
906 3317 1032 3408 egregia

62 3455 241 3526 superasse,
272 3455 387 3522 seqare,
420 3433 612 3524 experientia
641 3431 740 3518 duce,
773 3433 972 3518 ὠκονοοοο,
996 3448 1033 3500 ut

63 3552 221 3643 benigna,
243 3573 354 3618 venum
374 3549 468 3618 simul
485 3565 571 3618 arcta
584 3547 744 3632 custodia,
761 3544 934 3614 secundum
947 3547 1032 3639 leges

63 3669 165 3753 latas,
200 3667 362 3733 sufficeret
390 3665 433 3732 ad
464 3663 712 3732 conservandam
742 3663 964 3748 securitatem,
1000 3683 1034 3734 et

60 3789 335 3882 praepositorum,
365 3785 400 3850 in
431 3807 576 3868 carcere,
600 3782 822 3848 auctoritatem
851 3779 973 3872 (postea
998 3785 1033 3851 in

60 3909 149 3974 harno
176 3927 340 3974 carcerem
368 3901 718 3970 Claudiis-Castrensem
738 3897 938 3970 introductae
960 3921 1033 3972 srmt

61 4039 175 4108 rotae,
198 4021 333 4114 pedibau
363 4019 534 4088 calcandae
562 4017 759 4108 (freadmill)
787 4033 819 4084 et
848 4022 1034 4090 continebat

69 4165 132 4209 roo
144 4141 247 4208 icrme
259 4141 417 4232 captivos,
435 4140 468 4205 in
482 4137 642 4204 roclasses
650 4135 808 4228 partitos.)
834 4137 1033 4226 Dolenduru,

64 4261 153 4352 quod
167 4279 234 4328 tarn
249 4259 374 4353 egregia
390 4257 549 4348 exempla,
573 4257 742 4345 conjuncta
759 4278 832 4322 cum
847 4257 1031 4324 salutaribus

64 4381 203 4470 legibus,
230 4377 290 4468 (uti
320 4389 419 4468 1773,
441 4399 538 4470 quum
564 4399 622 4466 per
651 4390 750 4444 totam
776 4375 923 4466 Angliam
946 4373 1033 4440 verbi
1173 4407 1177 4416 ·
