2438 4972
362 1353 509 1456 eins
535 1355 817 1484 sncunnn.

151 1635 308 1696 Qussllssl
325 1637 443 1680 tunm
460 1636 563 1681 POBM
579 1635 730 1680 usnemu
748 1639 826 1681 mna
841 1637 882 1681 AB
899 1637 1034 1686 imm*

214 1756 351 1800 TORIBUS
366 1753 566 1798 Cflllfflssls
583 1754 686 1811 USQUB
702 1755 745 1798 ΑΒ
760 1756 963 1807 Eowsslllfflo

521 2155 649 2183 406⁸*

173 2493 355 2614 Cunerum
379 2553 456 2598 cura
482 2545 515 2597 et
540 2553 666 2600 reomm
696 2536 840 2606 nundin
866 2541 941 2610 inde
961 2567 980 2610 a
999 2565 1076 2616 uon·

103 2673 263 2719 summo
279 2673 318 2716 ιι.
337 2666 371 2716 et
385 2649 589 2738 sequentibus
608 2651 855 2743 imperatoribus
866 2681 988 2758 Agnagno
1004 2685 1080 2730 cum

103 2769 221 2837 ardore
246 2783 381 2836 tractata
403 2767 504 2834 luere.
550 2768 619 2836 Nec
644 2759 775 2838 cenavit
799 2773 856 2862 pia
877 2775 956 2840 haec
977 2799 1077 2867 opera

105 2889 255 2955 omnibus
277 2887 312 2954 in
337 2886 536 2978 regionibus,
560 2887 614 2952 ubi
638 2885 750 2978 religio
769 2887 945 2955 Christiana
962 2893 1078 2958 saluta·

103 3029 179 3073 rem
200 3027 289 3072 suam
311 3004 377 3071 vim
399 3005 579 3071 exercebat.
624 3003 708 3070 Nam
729 3003 865 3093 speciale
884 3006 1023 3078 studium
1044 3011 1079 3076 in

107 3146 153 3191 eo
172 3124 350 3190 venabatur
364 3123 584 3189 Conoilinrnm
598 3121 777 3207 Ecclesiae,
796 3139 832 3190 ut
848 3127 993 3196 misellae
1009 3153 1080 3196 car·

106 3263 184 3310 cere
211 3240 410 3310 detentorum
435 3241 676 3332 opinilarentur.
722 3239 848 3326 Quanta
871 3245 988 3312 fuerint
1010 3251 1077 3335 ejus

105 3363 170 3428 hac
189 3359 231 3428 de
255 3384 291 3427 re
314 3361 428 3426 merita
446 3363 513 3446 jam
527 3383 622 3451 supra
637 3361 683 3450 (in
698 3361 837 3428 Excinso
852 3363 1017 3453 morico)
1034 3365 1079 3430 vi·

106 3479 221 3548 dimus.
273 3479 375 3544 iniis
403 3501 481 3545 veno
506 3479 703 3570 regionibus,
736 3478 793 3544 ubi
818 3479 901 3546 alma
928 3480 981 3546 lux
1007 3481 1079 3548 reli·

106 3600 227 3690 gionis,
251 3598 418 3665 caritatem
432 3592 528 3664 etiam
545 3620 620 3688 erga
633 3597 740 3664 hostes
755 3611 788 3663 et
802 3597 948 3665 inimicos
963 3601 1076 3667 eximie

107 3717 287 3802 suadentis,
314 3723 446 3806 (novum
467 3739 544 3782 sane
565 3731 769 3805 praeceptum
789 3715 946 3802 liubans,
968 3718 1079 3784 imma·

108 3835 196 3900 nium
218 3833 409 3918 liminum,
439 3833 647 3924 implacabilis
671 3831 739 3900 irae
764 3850 797 3900 et
825 3856 935 3904 saevae
958 3834 1079 3904 vindic·

107 3970 159 4022 sae
175 3955 334 4022 laeaomm
353 3975 429 4045 erga
449 3951 609 4020 laedentes
628 3952 787 4019 lautorum
808 3953 916 4043 servis)
936 3953 1078 4049 nondum

108 4087 350 4164 penetraverat,
387 4071 557 4138 inhumana
593 4071 741 4136 tractatio
774 4071 873 4137 hostis
901 4069 1017 4140 devicti
1046 4093 1080 4142 et

108 4189 141 4257 in
169 4188 283 4256 rudem
314 4189 527 4280 captivitatem
557 4185 675 4254 detrusi
706 4185 825 4278 ubique
853 4187 887 4256 in
913 4215 970 4258 usu
997 4209 1076 4260 erat.

110 4309 176 4377 Nec
204 4325 329 4399 poterat
360 4309 479 4399 aliquid
508 4308 708 4377 sublevamen
736 4333 754 4376 a
780 4331 871 4378 saeva
897 4311 1082 4378 crudelitate

909 4455 927 4516 7
