2430 4988
196 822 299 897 pretes
316 805 452 872 afferunt
470 803 510 870 ad
529 802 725 894 probandam
745 823 909 868 erroneam
932 801 1068 866 aliomm
1089 823 1155 868 sen-

196 926 344 992 tentiam:
377 925 481 990 reolos
513 924 683 990 Gemonios
708 931 740 986 r‘rr
769 934 870 986 monte
894 923 1052 985 Aventino
1080 927 1155 991 titas

186 1045 307 1132 furere.
354 1043 437 1107 Hinc
467 1057 569 1132 patet,
601 1039 754 1106 cadavera
778 1037 863 1104 nuda
883 1037 1102 1110 maleficorum
1124 1039 1154 1103 in

196 1162 269 1227 foro
289 1160 480 1226 versantibus
497 1155 667 1249 spectanda
687 1179 844 1246 exponere
861 1154 971 1220 solitos
986 1155 1082 1222 irrisae
1093 1154 1156 1220 lio·

197 1301 325 1362 manos,
344 1277 428 1344 unde
443 1292 552 1367 postea
566 1276 654 1340 uncis
669 1276 703 1340 in
722 1273 859 1340 Tiberim
873 1271 1092 1340 trahebantur.

205 1435 208 1444 ·
241 1396 370 1462 Praeter
397 1397 493 1460 hosce
515 1415 656 1459 carceres
679 1393 712 1457 in
734 1393 801 1481 ipsa
819 1361 1055 1475 Urbe'ltona,
1078 1391 1152 1457 sole

197 1516 274 1580 bant
297 1514 431 1578 Romani
452 1512 564 1576 noxios
587 1509 706 1592 Albae,
728 1509 761 1574 in
778 1509 887 1592 Lade,
912 1523 1062 1597 tauquam
1086 1507 1154 1574 loeo

197 1631 404 1696 munitissimo
423 1627 593 1694 custodire.

240 1747 409 1834 Hucusque
429 1743 568 1811 diversos
590 1767 732 1811 carceres
754 1740 837 1832 apud
853 1743 1015 1810 Romanos
1038 1743 1157 1808 notissi-

196 1887 266 1930 mos
282 1863 558 1931 consideravimus.
594 1863 719 1946 Restat,
736 1877 771 1926 ut
786 1883 869 1927 nunc
884 1859 1060 1943 videamus,
1083 1882 1158 1948 quo·

196 1980 295 2048 modo
323 2005 444 2050 reonem
474 1981 646 2048 cutodiant
675 1978 894 2061 tractaverint,
929 1999 1071 2066 quaeque
1097 1977 1159 2044 hac

52 2180 56 2192 ι
197 2101 231 2165 in
247 2123 283 2166 re
293 2115 426 2168 statutae
439 2100 501 2164 sint
511 2122 608 2189 usque
619 2097 660 2163 ad
671 2097 900 2187 Imperatomm
912 2095 1159 2160 Christianomm

198 2232 354 2305 tempora.
400 2213 544 2296 Quomm
563 2214 685 2306 legibus
704 2215 767 2279 huc
787 2212 1016 2302 pertinentibus
1042 2213 1159 2296 citatis,

198 2349 232 2398 et
248 2329 361 2396 additis
383 2330 425 2396 do
438 2333 549 2421 poenis
560 2331 628 2408 ‚illis
652 2329 735 2420 apud
748 2332 909 2396 Romanos
925 2330 1061 2412 notitiis,
1082 2353 1162 2419 qaue

197 2449 318 2538 optime
332 2449 501 2514 cohaerere
516 2447 680 2531 videntur,
699 2449 795 2514 etiam
809 2445 966 2514 bodiemo
978 2450 1068 2534 jure,
1088 2469 1163 2512 cum

196 2588 301 2656 poena
318 2566 469 2649 carceris,
484 2565 552 2632 scil.
566 2564 606 2632 de
614 2589 721 2655 poeno
736 2565 948 2649 mendorum,
965 2565 998 2630 in
1010 2587 1089 2653 opus
1097 2589 1163 2654 pu·

200 2683 313 2750 blisum
329 2683 529 2748 danmatione
552 2699 585 2750 et
607 2692 640 2749 in
648 2691 840 2773 pistrinum
862 2699 895 2750 et
909 2681 1162 2750 consideratione

199 2799 240 2868 de
260 2799 377 2885 modo,
405 2824 468 2890 quo
487 2817 608 2868 veteres
628 2801 739 2892 populi
759 2801 899 2890 captivos
919 2801 953 2866 in
973 2799 1060 2866 bello
1079 2815 1162 2866 tuac·

199 2934 267 2985 tare
284 2919 368 2985 soliti
386 2918 518 3004 luerint,
541 2918 741 2985 transibimus
761 2915 801 2983 ad
820 2919 911 3006 hujus
932 2917 1076 3009 opusculi
1095 2917 1161 2982 ΠιΙΙΙ

199 3051 334 3124 partem.

242 3151 464 3239 Antiquissima
479 3153 598 3220 liberae
613 3155 806 3245 reipublicae
822 3168 941 3237 aetate,
966 3176 1080 3243 parum
1099 3153 1161 3219 sol·

202 3266 280 3332 liciti
300 3265 446 3334 videntur
464 3268 559 3336 baisse
578 3271 716 3336 Romani
732 3269 772 3336 de
789 3293 866 3338 cura
882 3291 1007 3336 carcerc
1026 3269 1164 3336 incluso·

201 3409 284 3453 runs.
330 3386 414 3452 Huic
438 3409 515 3452 vero
541 3387 747 3478 negligentiae
768 3390 841 3454 satis
860 3387 974 3454 fnum
996 3409 1165 3454 occurrere

202 3501 370 3568 studebant
392 3503 536 3569 nonnulli
558 3505 674 3596 egregii
694 3505 795 3589 cives,
817 3503 858 3571 de
873 3504 1002 3570 illorum
1016 3503 1164 3570 emenda·

201 3621 290 3686 tione
311 3621 513 3710 cogitantes,
526 3623 573 3686 uti
592 3637 680 3712 patet
699 3645 738 3688 ex
759 3623 833 3689 loco
853 3645 1082 3702 camoranum
1098 3625 1164 3710 jam

200 3735 487 3827 mpraallato(r).
534 3736 696 3820 Quaeres
717 3741 792 3805 satis
815 3738 961 3806 wanda
980 3738 1106 3806 videtur
1130 3739 1165 3804 iu

200 3853 337 3941 populo,
360 3853 514 3920 libertatis
535 3853 768 3924 conservandae
783 3873 850 3924 tam
864 3855 1025 3941 studioso,
1052 3857 1166 3946 quique

228 4217 267 4283 (l)
285 4217 348 4268 inst.
367 4221 436 4272 Orat.
459 4221 511 4274 tiu.
533 4221 600 4284 111,
615 4225 653 4274 L
