2430 4988
208 908 434 976 ostendendam
459 909 632 1000 compellit.
679 909 811 976 Diversa
833 925 880 976 est
903 911 981 978 haec
1008 915 1104 982 animi
1130 918 1170 984 li·

207 1029 311 1094 bertas
323 1029 357 1094 in
369 1029 498 1096 homine
511 1028 615 1094 libero
634 1028 658 1095 i.
677 1050 707 1094 e.
729 1027 806 1111 illo,
831 1030 884 1117 qui
900 1051 1003 1118 neque
1017 1031 1049 1096 vi
1063 1034 1173 1124 aliqua

207 1145 431 1256 psychologiea
442 1145 549 1212 hostili
562 1169 594 1213 v.
605 1169 635 1212 c.
648 1145 772 1228 fluore,
786 1147 918 1230 insania3
934 1170 1036 1236 neque
1047 1151 1081 1215 vi
1094 1154 1174 1244 phy·

174 1331 177 1340 ,
205 1265 270 1329 sica
293 1288 325 1332 v.
342 1289 373 1332 c.
398 1265 546 1348 infantia,
568 1263 656 1355 gravi
672 1264 803 1348 morbo,
820 1281 981 1332 senectute
996 1269 1170 1355 retineam

203 1399 235 1448 et
255 1383 289 1450 in
304 1385 416 1450 ceteris
428 1383 636 1450 ammantibus
648 1379 689 1446 ad
702 1404 834 1472 regnum
849 1385 1064 1470 mineralium,
1077 1387 1169 1478 plan·

202 1517 320 1585 tarum,
349 1501 532 1566 animalium
560 1499 808 1588 pertinentibus,
839 1523 920 1588 quae
952 1505 1168 1594 superioribus

200 1619 318 1684 viribus
341 1616 513 1702 obediunt,
531 1617 601 1683 scil.
625 1616 797 1683 secundum
817 1618 992 1707 sapientem
1006 1621 1167 1690 Creatoris

202 1735 299 1800 divini
315 1740 445 1824 jussum.
484 1736 523 1801 In
538 1736 724 1802 animalibus
738 1735 817 1801 haec
831 1735 1000 1804 voluntatis
1012 1743 1167 1831 eneroitio

201 1862 367 1920 instinctus
381 1869 529 1938 vocatan,
545 1853 615 1920 scil.
632 1854 796 1945 singularis
812 1853 866 1920 ille
882 1877 987 1920 sensus
999 1861 1165 1947 superior,

200 1975 253 2064 qni
281 1973 379 2040 animi
402 1973 531 2040 btuaaui
557 1971 705 2062 impulsui
729 1987 777 2038 est
801 1973 1048 2063 comparandus,
1077 1993 1111 2044 et
1131 1980 1167 2045 in

198 2093 357 2159 nonnullis
373 2091 559 2156 animalibus
570 2089 749 2176 praecellit,
767 2091 814 2156 uti
826 2091 861 2157 in
874 2113 970 2174 eane,
986 2115 1088 2181 equo,
1103 2095 1171 2163 elo-

90 2239 96 2250 ·
186 2212 332 2300 phante,
350 2221 489 2286 castore,
506 2205 622 2293 vulpe,
639 2219 717 2272 cett.
745 2207 839 2272 Canis
852 2207 954 2274 fidelis
966 2225 1000 2276 et
1010 2233 1107 2300 equas
1117 2211 1171 2304 (1)

198 2327 347 2393 alimenta
358 2338 538 2390 recusantes
551 2338 606 2388 aut
618 2320 784 2390 domintma
796 2323 1023 2414 custodientes,
1040 2331 1171 2400 obtem-

196 2461 310 2537 perant
335 2444 462 2510 innatae
485 2441 643 2508 fidelitatis
666 2443 787 2528 sensui,
810 2444 846 2510 in
867 2445 954 2512 bisce
976 2447 1168 2516 animalibus

195 2563 366 2654 praecipue
389 2560 534 2644 exculto,
556 2560 678 2626 etiami
702 2560 779 2626 fami
802 2562 948 2630 resistant
971 2580 1007 2630 et
1022 2565 1170 2632 verberi·

194 2681 274 2762 bus3
297 2675 521 2744 sednullaest
542 2677 639 2743 animi
657 2679 884 2768 pugna,nulla
897 2681 1006 2748 virtus.
1052 2681 1168 2750 Iibe-

195 2811 243 2864 tas
258 2820 336 2864 vero
352 2798 388 2862 in
405 2797 535 2864 homine
546 2797 606 2864 sita
619 2819 658 2863 ex
672 2797 780 2864 animo
792 2799 912 2882 osittn,
936 2799 1043 2888 ibique
1056 2823 1166 2894 pugna

194 2920 300 2985 existit
320 2919 441 2984 bonum
461 2917 545 2983 inter
566 2931 600 2982 et
615 2915 754 3000 malum,
772 2932 806 2983 et
819 2918 865 2984 sic
878 2917 1065 3007 appellanda
1077 2921 1164 2988 eritt

194 3035 325 3100 libertas
347 3029 493 3118 morulas,
518 3057 599 3124 quae
625 3034 713 3126 eligit
741 3033 855 3100 bonum
882 3033 999 3100 morale
1020 3035 1106 3102 inter
1129 3052 1165 3104 et

195 3153 312 3218 maliem
327 3153 464 3236 morale,
486 3175 567 3240 quae
583 3151 691 3218 demta
706 3151 873 3238 libertate,
893 3175 960 3218 non
973 3153 1162 3238 existerent,

193 3285 227 3336 et
253 3269 416 3336 bominem
442 3269 554 3335 cotes-is
578 3269 787 3336 animanfibus
814 3267 1047 3356 adaequarent,
1078 3292 1163 3360 quae

192 3391 260 3456 sine
285 3410 409 3481 pugna,
432 3385 473 3452 ad
495 3388 581 3452 bunc
606 3386 658 3453 vel
676 3387 766 3454 illum
780 3385 983 3478 perfectionis
997 3387 1157 3481 padum,

188 3512 274 3595 jussu
298 3506 474 3590 Creatoris,
498 3503 695 3596 perveniunt.
747 3505 919 3571 Hominem
941 3505 1055 3573 incitat
1079 3531 1158 3576 oon·

192 3627 323 3692 seientia
344 3626 470 3692 honesti
493 3641 527 3690 et
550 3626 660 3714 aequi,
683 3625 821 3714 perversi
841 3624 1058 3714 etinhonesti.
1106 3625 1160 3692 Li·

191 3743 296 3808 bertas
320 3745 416 3834 igitur
442 3759 489 3810 est
509 3743 581 3809 fons
603 3745 707 3809 omnis
728 3743 806 3810 boni
829 3757 863 3809 et
887 3742 974 3810 mali.
1020 3741 1162 3826 Quando

83 3855 86 3864 ’
189 3862 292 3926 unitas
308 3863 359 3928 vel
381 3863 563 3944 harmonia,
587 3862 621 3928 in
641 3841 905 3946 ominemini,
930 3861 1070 3953 disrupta
1089 3878 1157 3948 eat,

189 3979 328 4046 libertati
354 3982 451 4048 tribui
476 3981 541 4046 hoo
569 3977 681 4062 debet;
705 3977 762 4044 sed
786 3979 853 4070 ipsa
872 3981 1003 4071 praebet
1024 3979 1157 4048 medini-

217 4264 258 4331 (l)
275 4265 311 4316 lle
321 4262 413 4327 quibua
425 4265 479 4328 iam
491 4280 593 4316 stratas
603 4265 685 4321 tlioits
702 4265 877 4332 »fidelissimi
885 4270 948 4316 astte
957 4267 1048 4317 omnia
1059 4261 1162 4318 laetius·
1193 4341 1196 4348 ,

281 4357 379 4408 »caeo
396 4363 423 4407 et
441 4359 556 4422 σφω’
