2430 4988
671 626 717 693 m

205 841 294 906 luter
318 843 361 918 4⁰
386 837 592 904 comitatuum
620 842 777 920 carceres,
808 851 967 927 9gen1nt
988 835 1170 925 radiorum,

202 957 227 1022 6
250 954 373 1022 dimidii
395 955 456 1048 giri
476 954 580 1044 (lralvc
601 953 712 1044 cirkel)
731 953 878 1020 formam.
925 953 1062 1021 Minoris
1079 959 1173 1024 ambi·

206 1091 256 1140 tus
282 1097 424 1140 carceres
451 1095 564 1164 parum
591 1074 655 1163 apti
684 1071 871 1138 videbantur
896 1069 938 1136 ad
964 1075 1169 1164 partitione·

76 1213 78 1222 ’
202 1193 237 1257 in
261 1192 384 1258 classes.
431 1192 467 1256 In
494 1191 601 1256 multis
623 1190 720 1256 etiam
746 1191 834 1255 omni
859 1192 1073 1280 occupatione
1089 1215 1168 1259 care·

200 1311 279 1377 bant
301 1309 528 1400 delinquentes.
575 1309 745 1398 Menapios
763 1307 923 1398 (ouban),
946 1325 1083 1400 excepto
1107 1333 1166 1376 car

199 1453 275 1496 cere
289 1429 417 1520 publice
435 1426 694 1516 amagistratihus
714 1423 864 1509 condito,
884 1427 958 1491 satis
980 1427 1065 1494 mala
1082 1445 1166 1495 utun

157 1539 164 1550 '
200 1563 253 1612 tur
278 1544 480 1628 conditione,
516 1542 572 1609 sed
596 1545 660 1608 hoc
685 1542 760 1610 inde
789 1541 997 1635 repetendum
1025 1545 1162 1629 videon,

199 1663 287 1754 quod
302 1665 512 1754 magistratus,
533 1685 632 1751 aeque
645 1677 738 1751 atque
753 1662 787 1727 in
800 1661 937 1752 Angla,
961 1661 1095 1730 difficile
1115 1663 1164 1730 ad·

63 1837 68 1846 .
198 1781 365 1848 mittebant
381 1777 618 1846 emendationes
635 1781 670 1844 in
691 1780 785 1845 rebus
804 1801 897 1845 curae
915 1780 1057 1870 ipsorum
1076 1805 1163 1848 com·

197 1899 308 1966 missis.
366 1899 404 1966 In
435 1901 595 1983 Frnncs'a,
629 1896 863 1965 horrendorum
893 1919 1057 1964 carcerum
1085 1900 1170 1966 dlirn,

197 2019 316 2108 patria,
348 2017 507 2084 inauditae
533 2015 735 2084 crudelitates
762 2015 947 2082 commissae
976 2031 1049 2082 sunt
1078 2041 1162 2107 prae·

197 2137 289 2226 cipue
308 2136 342 2200 in
363 2133 578 2211 abominando
595 2157 743 2200 carcere:
768 2134 800 2199 Ia
811 2133 960 2218 omullo,
977 2135 1111 2202 testibus
1119 2140 1161 2224 ju·

197 2252 326 2318 venitus
341 2251 564 2333 n’anuaorso,
582 2267 733 2340 regnante
750 2267 783 2316 et
791 2251 922 2339 jubente
935 2235 1099 2319 nnnomco
1112 2277 1157 2336 ιι,

195 2384 229 2434 et
246 2367 432 2434 Mmohione
452 2391 555 2435 nssnr
572 2390 692 2434 umas
705 2391 747 2434 nn
760 2375 904 2453 narona,
922 2368 963 2435 de
979 2374 1065 2460 cujus
1086 2395 1159 2464 ope·

194 2486 255 2568 ris,
282 2485 484 2550 »Memot'res”
509 2485 702 2576 ingenuitate
723 2485 868 2552 nonnulli
888 2502 995 2554 tamen
1012 2487 1158 2556 dubitant

196 2600 290 2692 (inii-a
312 2603 446 2692 amplius
467 2609 533 2693 ejus
549 2603 677 2670 notitias
692 2603 859 2670 afferemus
874 2605 968 2671 Parte
981 2606 1025 2695 Π)
1046 2607 1158 2674 Melius

96 2813 99 2816 Ι
192 2721 323 2788 fortasse
331 2723 411 2790 haec
423 2721 562 2788 ostendit
575 2721 692 2788 medici
703 2746 844 2790 arnannr
859 2745 950 2816 opus,
965 2725 1018 2789 »la
1028 2725 1159 2792 Bassus

183 2841 381 2940 adsociat?
423 2843 525 2910 Multa
551 2843 752 2908 humanitatis
777 2841 968 2908 (luctamenta
997 2842 1098 2910 edidit
1123 2845 1157 2910 in

190 2961 252 3026 hac
267 2985 301 3027 re
315 2961 511 3028 emendanda
527 2983 705 3028 nonovrcus
717 2983 799 3026 xvru
813 2959 859 3050 (1)
872 2960 1153 3042 inconstitutione.

191 3075 241 3141 De
256 3080 434 3162 teterrima,
458 3103 520 3167 qua
539 3081 708 3146 utebantur
727 3101 870 3146 carceres
885 3078 912 3144 F
912 3080 1032 3146 rancioi
1049 3077 1157 3148 condi·

190 3193 296 3278 tione,
316 3195 381 3280 jam
402 3197 538 3284 gravitm
559 3212 683 3284 questus
701 3213 747 3263 est
762 3202 926 3263 menerual
940 3196 1004 3286 (n);
1030 3213 1063 3263 et
1082 3199 1158 3263 rarii

192 3308 232 3376 de
250 3309 415 3377 horrendis
428 3312 631 3396 cruciatibus,
645 3314 759 3401 quibus
772 3315 1005 3404 castigabantur
1017 3313 1156 3380 damnati

190 3426 231 3494 ad
254 3430 413 3514 triremes,
443 3427 518 3494 dum
548 3428 588 3494 ad
621 3452 762 3502 carceres
799 3430 956 3521 (Begoes,
987 3433 1096 3500 Batos
1123 3432 1155 3498 in

191 3569 290 3638 regno
314 3548 498 3614 Cesareensr'
518 3547 671 3638 (Algt'ers)
686 3565 863 3639 cunctaque
882 3550 1011 3642 regione
1029 3551 1157 3617 Mauru-

112 3711 114 3716 ,
188 3689 257 3732 rum
283 3665 337 3756 (de
357 3667 468 3756 quibus
487 3667 581 3733 Parte
600 3667 631 3732 ll
649 3668 787 3759 agemus)
813 3685 1085 3759 transportantur,
1111 3668 1156 3758 (lo

204 3890 330 3904 ...μ-..-

216 3997 256 4065 ‹¹›
273 3997 561 4054 luminemus·
576 4001 603 4052 a
616 3983 707 4070 opes,
726 4002 850 4058 »areta
860 4004 906 4056 aa·
917 4003 1161 4058 censeamur.

277 4089 341 4139 rna.
356 4091 417 4144 vu.
438 4095 463 4143 s.
482 4093 629 4146 sss-sss.

217 4179 257 4246 (²)
274 4181 310 4266 lle
334 4181 408 4245 cujus
431 4199 508 4250 opera
535 4187 570 4236 ol.
597 4185 695 4238 Asello
720 4187 766 4238 das
788 4185 1024 4248 Grinlmlrscltts.
1043 4188 1075 4238 V.
1094 4185 1158 4238 aaa.

278 4272 313 4321 cl.
333 4285 444 4322 aaran
463 4275 581 4341 inopere
601 4275 670 4327 laud.
