2438 4972
172 928 326 996 tantillam
354 943 477 1018 partem
503 950 708 994 aerumnosae
733 928 813 992 vitae
837 925 932 1015 ipsius
954 923 1075 992 imitari
1095 923 1144 989 vel

168 1049 281 1116 saltem
307 1047 421 1114 similia
443 1048 610 1144 conamina
633 1045 675 1112 ad
698 1067 844 1112 normam
867 1043 964 1132 ipsius
985 1041 1146 1108 lucturum

169 1189 329 1234 exercere.

214 1284 345 1370 Verbo,
374 1285 428 1350 hic
452 1285 502 1350 vir
525 1279 792 1374 incompnrnndus
815 1280 887 1370 (nisi
909 1279 1019 1344 icrsnn
1042 1275 1145 1364 aliqua

171 1427 210 1470 ex
234 1419 325 1494 parte
349 1425 422 1469 cnm
439 1403 615 1491 antiquiore
632 1401 780 1490 trusum)
798 1413 867 1466 emt
881 1421 967 1464 sonu
983 1417 1141 1479 unsrun,

171 1521 305 1586 sublime
324 1519 403 1586 illud
421 1521 624 1586 humanitatis
644 1519 752 1588 decus.
800 1517 864 1602 Qui
883 1519 950 1602 vir,
979 1539 1080 1606 quum
1106 1517 1146 1581 sit

170 1639 269 1705 veluti
281 1637 396 1722 cardo,
409 1661 475 1727 quo
487 1639 588 1724 fulta,
602 1662 653 1706 res
666 1639 841 1706 carceraria
855 1639 879 1704 i.
890 1660 921 1704 e.
941 1659 1017 1702 oum
1035 1657 1144 1702 carce·

170 1779 243 1822 rum
259 1771 292 1822 et
307 1756 495 1822 miserorum
512 1758 551 1824 iis
565 1759 760 1826 inclusorum
777 1779 894 1828 novam
910 1753 1026 1822 fncicm
1042 1768 1146 1820 osten-

170 1873 234 1958 dit,
260 1872 459 1966 dignissimus
481 1876 606 1946 videtin
631 1879 726 1962 mihi,
756 1879 809 1966 qui
832 1873 1051 1942 consideretur
1070 1889 1140 1938 tnn-

170 2016 264 2082 quum
285 1997 492 2086 praecipuum
510 1997 773 2080 instrumentum,
798 2017 861 2085 quo
889 2016 954 2060 usn
970 2007 1018 2058 cst
1042 1988 1148 2058 divina

170 2111 374 2200 providentia
386 2112 427 2180 nd
439 2115 524 2182 hunc
539 2139 668 2202 curam,
691 2115 746 2182 din
765 2117 920 2206 sopitam,
944 2113 1027 2177 intcr
1043 2109 1145 2176 bomi-

170 2253 229 2296 nes
244 2231 507 2320 promovendum.
553 2235 686 2326 Impune
701 2235 798 2326 igitur
814 2231 930 2300 eodem
942 2231 1070 2296 honore
1084 2227 1146 2293 insi

143 2367 144 2376 ¹
169 2347 307 2434 poterit,
330 2371 394 2434 quo
419 2349 481 2414 alis
504 2350 706 2416 humanitatis
730 2349 866 2416 decom:
894 2348 1078 2438 principes,
1100 2344 1145 2410 lo-

170 2453 364 2552 g'nmlatores
388 2477 482 2543 cett„
504 2488 600 2552 quum
621 2466 746 2556 periodi
763 2467 796 2531 in
813 2465 963 2530 historiae
979 2462 1145 2528 annalibus

169 2575 295 2640 initium
310 2574 525 2668 dignissimum
541 2582 641 2647 hahiti
652 2584 716 2648 sint
729 2583 769 2646 ab
781 2581 984 2646 historiarum
997 2579 1146 2644 omnium

171 2711 352 2786 temporum
365 2697 581 2787 scriptoribus.
627 2701 676 2766 Its
690 2700 725 2766 in
746 2699 878 2766 historia
895 2718 1018 2788 poenae
1034 2717 1146 2764 carce·

171 2813 234 2897 ris,
270 2833 449 2882 nowunnns
478 2815 577 2884 efficit
599 2819 663 2885 mle
688 2833 842 2910 punctum
866 2814 1035 2908 splendens
1060 2815 1148 2880 inter

174 2948 294 3022 puncta
310 2935 446 3002 minora.
486 2937 567 3004 ‘Hoc
584 2939 708 3028 posito,
731 2935 906 3004 secundum
925 2935 1144 3027 propositum,

172 3051 227 3115 hic
244 3053 410 3120 transimus
423 3054 465 3122 ad
479 3059 571 3145 hujus
587 3057 730 3150 opusculi
744 3073 868 3150 purtem
879 3053 1042 3139 ultimam,
1064 3074 1143 3143 quac

174 3167 276 3235 audit:
