2438 4972
512 715 570 780 1³1

60 951 267 1023 personarum
284 925 471 1010 vindictam,
490 927 525 990 in
544 923 710 992 horrendis
727 928 905 994 carceribus
917 951 1021 997 sense·
1085 1002 1089 1010 ,

57 1067 144 1134 rant,
167 1047 316 1139 (miiitum
326 1047 389 1112 huc
403 1044 571 1111 contudisse
585 1043 727 1134 suspicor
739 1066 873 1110 uranu
886 1046 1020 1114 infortu-

59 1169 165 1251 nium,
181 1167 237 1255 qui
248 1163 289 1230 ad
299 1164 455 1255 populum
466 1162 647 1254 appellarit)
658 1161 931 1254 conglomeratus,
942 1189 1020 1232 con-

56 1285 131 1351 tulit
153 1306 221 1350 sese
245 1281 286 1348 ad
309 1282 464 1348 horribile
485 1281 648 1347 castellum
669 1281 816 1366 Bastille,
847 1297 880 1348 et
901 1282 1021 1349 infame

57 1402 125 1468 hoc
145 1401 272 1486 abusus,
290 1399 484 1466 crudelitatis
496 1401 678 1490 tyrannicae
690 1415 931 1468 monumentum
942 1402 1027 1468 radi-

57 1513 142 1580 citus
165 1513 286 1580 evulsit.
315 1513 411 1598 Cujus
434 1513 481 1577 rei
504 1511 606 1594 lama,
629 1534 726 1599 quum
747 1511 843 1578 etiam
860 1513 1019 1602 usquead

57 1629 292 1699 Chersonesum
302 1629 490 1698 Heracleam
503 1646 706 1718 pervenerat,
716 1629 896 1697 incredibili
906 1630 1022 1722 gaudio

56 1751 294 1841 magnanimum
317 1771 507 1815 uowsaouu
527 1747 650 1832 affecit,
678 1771 775 1837 quum
789 1749 849 1815 sibi
862 1749 1021 1818 blandire·

58 1883 130 1952 tur,
154 1865 226 1934 sore
245 1881 283 1934 ut
307 1889 387 1957 quae
400 1867 468 1958 ipse
481 1865 521 1932 de
534 1881 617 1932 tetro
629 1867 694 1932 boc
707 1886 834 1933 carcerc
847 1867 1022 1960 divulgave-

58 2001 109 2052 rat
131 2001 165 2052 et
186 2009 259 2052 eum
278 1999 348 2051 tota
369 1985 498 2074 Europa
518 1985 552 2048 in
580 1983 704 2072 scriptis
718 1985 1023 2072 communicaverat,

19 2079 24 2086 ’
57 2103 422 2170 nenecessitatem
441 2101 482 2168 aa
501 2104 585 2168 eane
608 2100 855 2168 remeassem
877 2102 1023 2171 famas

59 2218 135 2287 dam
148 2219 227 2310 (rid.
237 2219 588 2310 ritaejusdesoriptaab
597 2219 741 2310 armo).
756 2220 845 2287 llaec
854 2237 1024 2290 contemta

58 2338 432 2432 estpopuliindignati03
445 2361 555 2406 verum
563 2353 669 2422 antea,
685 2338 797 2428 (1780)
810 2341 1023 2410 moninusinc

58 2454 161 2521 dubio
178 2458 322 2546 precibus
342 2457 573 2523 humanissimis
591 2471 624 2523 et
639 2479 748 2523 severa
766 2457 859 2524 simul
880 2458 1024 2538 admoni-

57 2575 147 2641 u'one
159 2597 331 2660 aowsanr,
342 2575 538 2666 principibus
549 2597 617 2642 non
630 2577 804 2667 parcentis,
815 2601 917 2668 neque
926 2602 1023 2669 prata

59 2694 95 2758 in
117 2717 154 2760 re
177 2693 354 2761 carceraria
374 2694 517 2760 instituta
538 2697 727 2779 excusantis,
747 2687 926 2762 senonens
948 2721 1021 2781 m,

58 2812 210 2880 madente
222 2835 390 2897 uenae,
405 2811 447 2879 3ο
454 2811 556 2903 Aprili
567 2813 649 2902 1780
661 2811 833 2878 declararit
845 2813 929 2878 inter
942 2815 1021 2880 alia:
1166 2825 1169 2832 “

60 2953 147 2998 -sese
167 2931 388 2998 subterraneos
405 2927 548 2998 carceres
564 2929 692 2996 abolere
702 2928 804 3012 velle,
820 2951 861 2994 ne
874 2928 958 2996 forte
972 2931 1021 2995 in·

59 3063 187 3115 »sontes
209 3051 359 3134 accusati,
384 3047 504 3116 detenti
527 3069 665 3138 poenam
684 3071 741 3139 per
765 3047 1024 3139 anticipationem

58 3167 169 3250 luent,
193 3166 348 3233 morando
368 3168 402 3233 in
423 3189 550 3234 carcere
566 3167 768 3234 tenebricoso
784 3183 817 3234 et
832 3169 1020 3260 pestilenti.”

58 3285 187 3352 'lhrbae
195 3307 272 3352 raro
283 3333 293 3371 ‚
306 3287 480 3353 incivitate
493 3301 639 3372 exortae,
652 3287 790 3353 humana
802 3288 919 3378 egregii
930 3289 1021 3374 hujus

59 3405 212 3496 principis
227 3421 495 3495 pmeceptarana
510 3402 726 3472 reddiderunt.
1031 3397 1035 3406 ’

103 3522 195 3588 'lunc
221 3538 365 3592 secutum
390 3539 438 3590 est
456 3523 658 3590 Decretumii
673 3521 822 3588 Octobris
842 3543 936 3612 1791,
957 3546 1021 3614 quo

60 3655 211 3706 sumtum
227 3655 275 3706 est
289 3638 330 3706 de
351 3641 474 3731 operis,
500 3641 612 3730 quibus
635 3639 756 3706 detenti
769 3639 803 3704 in
821 3663 947 3708 carcere
971 3664 1024 3708 oo·

59 3775 269 3850 cuperentur3
303 3757 344 3824 de
368 3757 506 3824 sanitatis
530 3781 607 3824 cura
632 3756 850 3841 detentorum,
875 3759 929 3846 qui
949 3759 1025 3824 licet

59 3877 240 3968 gmriorum
266 3876 435 3944 criminum
463 3876 528 3961 rei,
552 3875 613 3941 soli
637 3873 819 3946 includendi
848 3891 921 3942 sunt
946 3898 1024 3940 con·

58 3995 218 4078 clavibus,
242 3996 277 4061 in
304 4015 386 4084 quae
403 3993 459 4060 lux
470 4009 503 4060 et
522 4017 576 4060 aer
586 3993 864 4084 lihere‘penetrare
878 3993 1022 4084 possiut3

56 4111 99 4179 de
112 4115 272 4203 tripartito
288 4135 348 4178 usu
363 4101 462 4197 illius,
481 4109 568 4202 quod
582 4112 688 4202 operis
704 4110 825 4177 detenti
845 4113 879 4177 in
896 4135 1024 4179 carcere

57 4231 242 4316 lucrentur5
265 4230 305 4298 de
329 4231 501 4314 alimonia,
526 4233 612 4317 cujus
634 4229 816 4318 qsulitatem
830 4229 891 4322 ipsi
906 4231 1023 4321 captivi

60 4348 231 4420 mentiare
257 4349 379 4441 possint
402 4345 526 4417 assiduo
553 4347 683 4431 labore,
708 4361 744 4415 ut
765 4371 805 4414 eo
822 4347 938 4417 lautior
958 4347 1023 4416 fiat.

815 4469 858 4552 9*
