2438 4972
176 917 373 994 penetrasse,
387 905 617 994 suspicaremur
630 925 670 970 ex
681 903 739 987 iis,
755 923 835 992 quae
852 901 968 990 adjecit
979 902 1020 969 ad
1031 903 1153 972 librum

182 1019 627 1113 1771edia1m2clictionnatre
635 1021 1154 1113 Philosopiiqnefflubricadno.)

178 1130 341 1231 Quidquid
356 1141 417 1227 sit,
437 1141 657 1233 cognoscimus
674 1163 712 1206 ex
729 1143 796 1227 ejus
811 1140 883 1206 fatis
900 1138 1151 1206 abominandum

177 1259 362 1346 arbitrium,
380 1282 444 1350 quo
460 1281 697 1347 nonnumquam
712 1258 808 1348 aliqui
822 1257 969 1324 homines
985 1259 1148 1349 oppressi,

180 1375 479 1469 atrociapatiuntur
494 1402 513 1444 a
528 1377 762 1468 potentioribus
779 1375 909 1442 offensis
928 1375 941 1466 (
962 1376 986 1465 ).

225 1485 332 1578 Quam
354 1517 446 1564 saeve
467 1495 657 1586 processerit
676 1492 836 1578 vindicta,
861 1495 906 1560 ob
930 1493 1032 1560 levius
1054 1490 1153 1559 deiic-

181 1629 266 1699 tum,
290 1614 525 1704 potentissimae
540 1613 694 1705 principia
709 1612 937 1694 inhominem,
959 1613 1013 1700 qui
1028 1613 1153 1697 juvenis

182 1755 342 1803 carcerem
361 1732 505 1817 intravit,
526 1754 621 1800 senex
641 1731 733 1798 illum
752 1731 895 1820 reliquit,
912 1729 1055 1835 videmus
1071 1731 1155 1795 tristi

180 1850 326 1940 exemplo
348 1849 571 1918 confirmatum
592 1851 788 1918 Marchionis
810 1871 946 1916 annascr
967 1871 1088 1914 armas
1111 1872 1155 1914 na

180 1991 309 2036 naraon
327 1968 560 2062 (1725-1805).
605 1970 668 2038 Per
685 1969 725 2036 35
742 1991 842 2036 annos
856 1967 1014 2034 inauditos
1031 1968 1154 2032 crucia-

161 2139 162 2142 ,
181 2105 246 2171 tus,
264 2090 299 2154 in
314 2091 483 2158 teterrimis
498 2089 713 2156 mansionibus
728 2103 760 2162 et
777 2089 891 2171 antris,
914 2085 961 2176 (ut
975 2087 1020 2152 ita
1036 2085 1155 2176 dicam)

179 2229 344 2296 perpessus
359 2223 422 2290 est,
442 2209 586 2295 equibus
601 2206 750 2291 evadere,
776 2223 899 2277 tantum
912 2228 970 2297 per
984 2205 1156 2270 infractum

181 2323 409 2407 constantiam,
424 2339 458 2388 et
470 2324 614 2388 mirabile
629 2325 790 2412 ingenium
807 2325 837 2388 ei
853 2324 954 2390 licuit.
991 2325 1047 2388 Δί’.
1069 2323 1154 2412 1756

178 2443 245 2526 jam
268 2437 542 2504 Amstclodamum
567 2439 729 2528 attigerat,
759 2463 856 2528 quum
875 2444 964 2527 jussu
989 2442 1156 2530 regiminis

181 2555 207 2620 F
208 2553 346 2637 rancici,
367 2553 491 2619 viinde
510 2555 658 2644 abreptus
678 2571 742 2640 cst,
767 2553 820 2644 (de
839 2579 901 2644 qua
919 2552 990 2620 rudi
1012 2571 1045 2620 ct
1063 2557 1159 2624 inhu·

181 2695 275 2740 mana
302 2672 493 2753 tractatione
516 2673 551 2740 iu
572 2672 706 2757 itinere,
731 2696 751 2738 a
772 2688 863 2764 parte
885 2671 1071 2738 officialium
1096 2697 1158 2764 po·

182 2791 270 2858 litiae
291 2789 333 2859 cf.
355 2790 473 2858 librum
495 2791 535 2857 ab
554 2793 620 2878 ejus
640 2813 753 2860 causae
771 2807 909 2881 patrono
921 2813 1068 2856 ansam
1091 2793 1157 2858 edi·

182 2925 271 2996 tum,
290 2910 341 2976 cui
355 2909 541 3000 inscriptum
556 2924 621 2976 est:
637 2908 807 2976 Me'moirea
820 2909 861 2974 de
872 2909 937 2978 Mr.
953 2933 996 2975 nn
1009 2932 1156 2995 naraon,

183 3026 298 3094 ditc'nu
305 3027 455 3116 pendant
468 3027 510 3108 35
526 3051 587 3094 arsa
601 3044 678 3096 cett.
699 3030 734 3096 in
756 3028 862 3124 plures
881 3029 1004 3122 linguas
1023 3029 1156 3095 transla-

186 3161 265 3211 tum.
301 3143 392 3226 Quae
407 3141 580 3236 descriptio
596 3147 769 3238 legentium
788 3170 938 3214 nauseam
953 3147 1157 3235 vehementer

185 3262 327 3354 excitat),
360 3261 508 3344 Necnon
521 3263 767 3342 Marehionissae
779 3289 821 3332 ns
833 3289 1029 3332 aonranoan
1043 3264 1159 3356 (1764)

188 3383 295 3472 potuit
310 3381 437 3472 placare
452 3380 643 3466 vindictam,
666 3406 760 3471 quam
777 3406 862 3449 nunc
880 3356 1028 3475 exnrimis
1043 3400 1158 3452 contra

186 3521 260 3566 eum
275 3501 415 3566 exercuit
429 3499 611 3568 Praefectus
626 3501 757 3592 politiae
780 3526 822 3568 aa
832 3525 978 3570 marma.
1024 3487 1073 3568 Ex
1088 3527 1159 3570 om·

186 3617 279 3684 nibus
300 3634 388 3708 patet
394 3665 406 3701 ,
432 3620 479 3685 uti
500 3643 539 3685 ex
560 3621 657 3711 ipsius
680 3622 770 3709 hujus
795 3621 953 3688 Praefecti
975 3623 1096 3707 verbis,
1122 3623 1157 3690 in

187 3738 336 3829 epistola,
364 3761 460 3828 quam
485 3739 570 3806 misit
592 3737 635 3806 ad
660 3763 706 3806 ar.
731 3762 982 3822 anonsnrrnun,
1008 3741 1161 3808 miserum

185 3857 344 3950 captivum
363 3855 407 3938 ad
428 3881 565 3948 poenam
591 3857 760 3926 terribilem
784 3857 949 3926 oblivionis
970 3865 1006 3926 in
1030 3883 1158 3926 cernere

200 4048 487 4074 m

214 4160 255 4229 (¹)
272 4166 414 4234 Comparari
440 4173 536 4238 poterii
553 4187 611 4224 cum
628 4173 700 4225 hisce
722 4173 842 4242 exemplis
859 4173 1046 4224 recentioribus
1062 4177 1163 4241 tempo·

216 4312 220 4320 ¹
274 4255 345 4307 riba·
364 4259 451 4313 flebile
473 4263 639 4315 intortunium
658 4267 764 4331 juvenis
788 4281 896 4318 casaur
918 4279 1036 4330 raanan,
1056 4264 1088 4318 de
1109 4281 1162 4331 quo

272 4343 326 4410 ian
343 4347 450 4402 vitii-aa
467 4351 499 4404 ai
516 4353 601 4408 lanan
616 4355 648 4408 tia
666 4357 811 4411 mariba·
825 4355 941 4425 privatis.
