2438 4972
525 667 585 734 187
666 761 668 766 Ι

78 878 237 947 contendit
265 901 337 943 cum
363 878 488 968 egregio
515 878 689 943 architecto
717 897 880 944 eternum
906 881 945 946 ad
972 905 1036 948 cnr·

75 1024 159 1068 ceres
190 995 277 1089 apud
308 1020 342 1062 se
369 994 595 1062 emendandos.
654 995 726 1060 Hoc
755 1010 889 1084 systema
916 1013 1038 1066 tnntnrn

75 1121 156 1210 viget
178 1117 225 1180 in.
237 1138 259 1203 9
283 1114 477 1196 carceribus3
502 1116 589 1200 cujus
613 1135 705 1180 causa
728 1111 907 1202 qtrtterenda
925 1117 984 1180 erit
1003 1118 1038 1181 in

77 1259 135 1320 eo,
160 1230 247 1324 quot
271 1231 373 1297 multo
396 1234 562 1321 pauciores
581 1252 698 1314 annos,
721 1253 815 1320 qnam
830 1247 964 1322 systema
978 1233 1040 1299 Au·

76 1355 231 1419 bmnense
249 1347 350 1439 (quod
359 1352 426 1435 jam
442 1370 526 1413 anno
545 1347 625 1416 182'3
640 1346 802 1439 florebat),
817 1351 938 1416 steterit
954 1349 1039 1440 (Phi-

78 1469 276 1560 ladelpbense
298 1481 433 1556 systema
455 1487 539 1531 anno
565 1465 660 1555 1829)
681 1466 738 1554 (r)

119 1588 250 1653 Praeter
279 1587 377 1652 hosce
404 1605 546 1650 carceres
575 1583 667 1648 citari
694 1587 777 1671 juste
809 1601 983 1654 merentur:
1008 1588 1042 1653 in

83 1704 212 1772 Curanda
237 1708 414 1792 superiori,
445 1723 555 1766 carcer
571 1701 867 1789 Klnqrtownt'enaa'a
879 1751 889 1789 ,
903 1706 906 1714 ’
920 1707 1044 1796 egregie

81 1821 262 1889 emenderis
292 1844 312 1885 a
341 1820 410 1885 viro
441 1817 607 1886 excellenti
635 1840 778 1904 »οπως
812 1844 911 1911 porro
937 1847 1046 1891 eeroer

79 1939 366 2021 Br'cltmondr’enar's,
389 1938 423 2002 in
441 1937 603 2025 Virgint'a,
622 1937 674 2001 eui
691 1935 890 2005 emendando
909 1940 1046 2007 indefes-

81 2081 146 2124 sam
163 2079 295 2148 operam
314 2054 525 2122 adhibuerunt
542 2054 602 2120 viri
622 2055 739 2145 egregii
755 2077 889 2123 rumne
907 2081 946 2122 nr
966 2080 1048 2125 rson-

83 2169 155 2244 na'rr.
186 2173 368 2266 Mirandum
383 2189 507 2258 tamen,
524 2171 612 2261 quod
624 2187 759 2262 systema
772 2173 1046 2266 Philadelpheme,

85 2297 134 2362 cui
157 2310 209 2361 tot
229 2291 474 2384 impedimenta,
492 2290 567 2357 inde
584 2292 717 2381 aprime
732 2293 853 2384 origine
874 2294 1049 2386 superinde

85 2429 191 2497 erant,
215 2428 279 2478 tam
302 2412 393 2477 brevi
418 2426 563 2500 tempore
588 2425 638 2476 tot
660 2433 841 2503 progressus
859 2403 988 2500 feeerit,
1011 2431 1047 2482 ut

85 2547 153 2597 tuto
176 2553 247 2596 eum
266 2529 367 2596 altero
390 2526 583 2594 contendere
603 2530 719 2619 possit,
740 2533 791 2598 cui
810 2519 858 2598 ab
866 2533 959 2600 ibitio
971 2557 1049 2622 peu·

86 2653 170 2718 eiora
195 2649 375 2716 obstabant.
422 2646 511 2713 Haeo
532 2647 578 2712 ite
600 2671 674 2713 vern
693 2665 782 2730 sunt,
805 2664 926 2714 utnon
946 2650 1050 2716 solum
1127 2621 1129 2628 ,

84 2769 125 2834 in.
138 2767 283 2858 plurimis
310 2764 478 2830 Americae
498 2762 758 2854 septentrionalis
784 2765 970 2853 provinciis,
995 2788 1049 2831 re-

86 2909 158 2952 rum
175 2885 270 2950 etiarn
293 2885 331 2949 in'
351 2881 515 2972 provincia
530 2881 664 2972 Anglica
682 2877 967 2945 caneda-Inferiori
987 2881 1051 2948 hoe

86 3018 223 3094 systema
237 2999 418 3086 ,adhibitum
442 3001 493 3066 sit.
523 3055 526 3064 .
550 2997 647 3082 Quod
670 3011 774 3064 autent
800 2997 978 3064 firmissimo
1002 3020 1051 3065 nr·

88 3135 240 3214 gemente
261 3135 322 3201 est,
349 3116 529 3187 illuderit:
558 3115 644 3207 quod
668 3115 811 3184 instituto
836 3117 964 3208 publice
987 3141 1051 3185 eer-

86 3239 231 3321 tamine,
246 3237 280 3303 in
300 3239 369 3327 ipen
390 3236 543 3303 contrarii
566 3236 739 3326 systematis
758 3233 847 3319 sede,
863 3235 949 3301 Nori
968 3236 1051 3300 Ebo-

88 3358 169 3441 roei,
183 3415 186 3420 .
199 3356 233 3421 in
257 3377 342 3422 noro
366 3377 494 3422 earcere
514 3352 683 3421 condendo
707 3353 880 3444 systematis
899 3351 1053 3420 Pbilndel·

87 3476 212 3564 pbensis
239 3473 416 3564 periculum
440 3473 560 3538 tactum
585 3474 635 3539 sit.

131 3591 274 3658 Breviter
295 3589 336 3656 de
356 3589 479 3656 diverso
502 3591 636 3673 effectu,
662 3589 716 3678 qui
732 3604 867 3678 utroque
881 3589 945 3656 boo
960 3603 1054 3680 syste-

88 3724 172 3778 mate
193 3709 355 3776 obtinetur
375 3705 563 3774 videbimus.

118 4042 158 4114 (l)
175 4045 374 4110 &linquentem
391 4045 436 4108 qui
448 4048 524 4096 antea
539 4059 590 4094 non
605 4044 793 4112 occupabantur
807 4043 889 4111 operia
903 4044 929 4093 in
944 4059 1061 4108 eernere,

180 4135 317 4188 mnndum
339 4139 446 4198 erotema
473 4133 696 4201 Philrdelpbertae‚
725 4149 803 4198 quum
829 4147 1008 4200 nonnunquam
1035 4139 1061 4188 in

179 4226 274 4278 rabiem
308 4225 467 4287 inriderent,
502 4225 658 4291 legislatore·
687 4224 828 4276 Amerioani
854 4225 911 4278 iiior
939 4243 1062 4300 oeoapere

180 4316 364 4389 praeferebant,
392 4318 525 4386 praecipue
543 4315 655 4382 legendis
670 4316 747 4368 aroris
764 4316 852 4372 literis.
