2422 4538
567 247 639 312 ‚101

108 459 298 526 -lrorroribus
323 459 389 524 istis
413 458 523 522 oculos
544 457 708 548 fatigatos,
741 461 863 526 animos
888 483 1078 536 commotos.

115 576 354 644 Consideremus
376 575 573 662 inserprentia
598 590 761 664 tempora,
789 601 869 666 quae
891 605 1080 676 quiunquam

111 697 261 788 religione
278 693 455 760 Christiana
472 707 666 783 temperata,
685 709 791 761 tamen
807 698 950 789 exiguam
970 704 1079 770 huma.

110 815 240 880 uitatem
266 827 427 879 accusant.
473 811 611 876 Militare
636 813 819 903 ingenium,
845 838 909 904 quo
935 818 1078 907 inprimis

108 905 303 998 excellebant
323 929 455 1022 populi,
481 929 626 1019 regiones
650 932 909 1020 septentrionales
931 935 1077 1040 Europae

109 1051 334 1134 inhabitantes,
357 1045 522 1132 nondum,
547 1063 583 1112 ut
596 1063 709 1138 postea
723 1051 843 1136 evenit,
866 1065 1077 1144 temperatum

108 1184 175 1234 erat
199 1169 325 1234 mitiore
346 1167 404 1233 illo
429 1188 522 1232 seusu
536 1165 680 1255 pietatis,
710 1191 774 1258 quo
798 1170 930 1255 imbuti,
954 1179 1074 1264 equites

105 1289 245 1354 omnium
262 1285 427 1366 ordinum,
444 1283 625 1372 ubicunque
636 1285 671 1349 in
687 1286 913 1354 excultioribus
927 1289 1073 1381 Europae

102 1407 259 1496 partibus,
272 1427 361 1470 arma
372 1416 540 1494 ceperrmt,
555 1399 596 1467 ad
610 1418 754 1468 sanctum
765 1404 966 1478 Redemtoris
972 1409 1076 1498 sepul.

101 1546 189 1590 crum
203 1547 223 1590 a
238 1521 420 1588 sarracenis
432 1515 697 1608 recuperandum.
720 1518 819 1584 Rudis
832 1519 960 1588 illorum
973 1549 1073 1614 popu-

75 1626 203 1706 lorum
232 1639 375 1721 indoles,
405 1637 577 1730 praecipue
604 1636 882 1723 Normannorum,
904 1640 1071 1730 piraticam

99 1759 244 1848 plerique
256 1757 353 1823 vitam
370 1755 605 1839 exercentium,
622 1771 749 1845 praeter
759 1757 908 1822 virtutem
922 1758 1071 1825 bellicam

102 1876 181 1941 nihil
198 1875 267 1941 iere
287 1875 483 1956 aestimabat.
508 1873 714 1942 .Poste1ioris
734 1897 812 1942 vero
835 1877 946 1942 aetatis
966 1878 1070 1944 homi·

72 2075 79 2089 .
99 2017 152 2060 nes
166 2008 295 2085 praeter
308 1994 461 2059 virtutem
474 1991 640 2078 bellicam,
665 1991 726 2059 alia
744 1994 840 2060 etiam
861 1997 1064 2086 appetebant.

97 2113 194 2178 Arma
208 2112 295 2178 enim
309 2111 431 2177 intacta
445 2133 571 2179 servare
585 2091 754 2179 studebant
769 2113 810 2179 ab
821 2115 911 2180 omni
933 2115 989 2180 vili
1014 2131 1069 2182 sut

95 2231 202 2298 saltem
223 2231 329 2296 minus
350 2229 530 2296 honorifica
555 2254 659 2300 causa.
712 2231 879 2324 Temporis
903 2233 1066 2324 ingenium

55 2385 56 2390 κ
94 2372 111 2414 a
131 2350 200 2417 reri
221 2348 360 2414 nominis
383 2349 489 2437 equite
505 2349 658 2438 pietatem
679 2350 860 2439 postulabat
874 2371 949 2438 erga
965 2351 1065 2416 ecele-

93 2469 188 2553 siam,
203 2453 421 2533 innocentiam
433 2479 633 2558 oppressam,
646 2481 679 2532 et
687 2467 896 2532 reverentiam
906 2489 1061 2531 summam

93 2607 167 2675 erga
187 2583 375 2650 muliebrem
396 2607 515 2652 sexum.
541 2584 651 2649 ¹Haec
671 2582 782 2648 saltem
804 2579 889 2674 apud
902 2583 1061 2650 Norman·

90 2724 149 2768 nos
164 2699 308 2770 deerant.
350 2701 433 2768 Nam
449 2702 545 2768 etiam
560 2701 661 2768 cultus
679 2699 803 2794 diuinus
820 2701 904 2794 apud
923 2703 1058 2794 populos

89 2817 337 2904 Seandinariae,
364 2819 405 2886 ad
428 2843 507 2910 quos
525 2820 743 2912 pertinebant,
768 2821 928 2888 mitiorem
946 2825 1057 2888 huma·

89 2939 195 3004 nitatis
211 2959 337 3003 sensum
353 2939 543 3030 respuebat,
567 2937 785 3030 promittendo
806 2939 844 3003 iis
857 2939 958 3027 quiin
970 2939 1057 3005 bello

89 3055 296 3142 occidissent,
308 3072 470 3124 aeternum
481 3057 516 3124 in
534 3057 698 3126 Wallralla
712 3054 908 3122 mansionem
924 3071 956 3122 et
972 3079 1057 3124 cere·

176 3356 287 3422 (ntra)
305 3353 501 3414 rac-nerano,
519 3352 678 3418 eundemque
692 3353 749 3418 ejus
763 3352 915 3402 avunculum
934 3367 995 3412 reo,
1014 3339 1060 3418 qui

175 3449 201 3498 in
218 3447 318 3500 castelli
337 3461 463 3496 carcerem
481 3443 600 3494 detrusus
617 3447 668 3496 est.
702 3444 757 3510 Quo
774 3444 861 3502 lacte,
888 3442 1059 3508 pertriduum

175 3539 293 3602 idemque
309 3541 461 3588 nocturnum
477 3535 585 3602 epatium
595 3535 714 3600 jejrrnum
726 3535 846 3598 linquunt
865 3533 945 3582 illum.
980 3536 1060 3592 Hoste

64 3675 69 3684 .
174 3629 273 3680 inediae
300 3629 427 3688 instante,
456 3626 595 3676 vociferato
621 3623 746 3690 dejiciunt
768 3624 856 3688 ingens
884 3625 989 3676 frustum
1008 3629 1059 3679 sal·

175 3735 231 3769 sum
255 3719 338 3770 carnis
364 3717 480 3770 bovinae.
515 3715 586 3781 Quod
612 3729 691 3778 quum
717 3714 879 3778 devorasset,
907 3715 1058 3769 intolerabili

173 3809 216 3860 siti
239 3809 363 3868 relictus,
382 3805 571 3858 incredibilibus
592 3803 747 3854 cruciatibus
766 3806 898 3858 occubuit.
933 3809 973 3862 Cf.
994 3814 1057 3860 nt·

102 3937 108 3948 .
180 3906 256 3954 riam
274 3913 390 3962 senen,
412 3898 558 3986 Superstes
574 3896 709 3950 d'Eeosss.
