2430 4988
80 934 165 977 mum
185 907 349 976 custodem
365 907 442 995 juris
462 906 677 972 retributionis
693 905 778 974 dicat
794 907 852 1000 (r).
897 911 1042 980 Humana

76 1029 192 1094 summi
209 1026 395 1115 ceteroquin
413 1023 614 1114 philosophi,
639 1045 811 1112 suroris,
834 1026 980 1096 doctrina
1000 1029 1046 1098 de

75 1149 162 1233 jure,
180 1146 216 1209 in
230 1142 360 1234 adagio:
378 1147 413 1210 τὸ
426 1145 651 1219 ἀντιπεπονθὸς
662 1141 765 1229 ἄλλο),
779 1143 939 1213 rudiorcm
952 1148 1045 1214 illurn

78 1288 203 1331 sensum
220 1261 380 1328 vindictae
398 1259 560 1352 indigitat,
582 1283 685 1349 eoque
701 1261 913 1352 maximopere
930 1265 971 1330 ab
984 1266 1043 1333 bu·

78 1379 268 1468 inanissimis
283 1380 459 1469 praeceptis
478 1377 642 1444 doctrinae
664 1379 859 1446 Chmtianae
875 1378 1042 1470 discrepat.

79 1499 173 1564 Tunc
200 1495 337 1562 uindicta
363 1497 501 1586 privata,
538 1496 626 1586 lapsu
653 1497 824 1587 temporis,
854 1497 977 1564 transiit
1003 1496 1044 1563 ad

82 1615 243 1682 civitauum
269 1612 504 1697 moderatores,
532 1628 565 1679 et
584 1613 721 1698 offensa,
750 1615 878 1707 singubs
901 1615 1042 1701 civibus,

80 1732 168 1821 quasi
184 1731 242 1797 sibi
262 1731 350 1798 illata
364 1728 602 1798 considerarunt
616 1747 648 1796 et
658 1729 867 1800 vindicarunt.
903 1731 996 1800 Unde
1012 1749 1045 1800 et

80 1851 113 1915 in
126 1850 309 1916 monarchia
318 1849 468 1940 Anglica,
480 1848 664 1914 criminibus
673 1847 871 1916 sarbditorum
881 1852 969 1942 regia
978 1851 1045 1918 bla-

76 1971 171 2054 jestss
180 1967 297 2050 laesam
307 1991 375 2034 sese
387 1965 466 2032 dicit
476 1965 620 2056 (selony).
652 1965 706 2030 Sic
715 1967 750 2030 in
759 1963 947 2050 mania,
962 1968 1044 2033 eliis-

81 2107 143 2172 que
156 2085 332 2150 civiraribus
341 2083 478 2150 mulctae
488 2081 709 2173 pendebantur
719 2081 813 2168 olim,
828 2083 887 2150 sub
898 2083 1042 2150 nomine:

51 2205 56 2213 '
83 2201 134 2269 W
130 2200 274 2290 eltrgcld,
297 2201 525 2292 Friedeusgeld
539 2217 616 2269 cett.
635 2199 693 2290 (a).
732 2253 737 2262 .

124 2316 286 2384 Laudabili
304 2322 373 2406 jam
395 2317 542 2408 exemplo
564 2334 796 2386 autecessenmt
820 2315 940 2388 veteres
963 2343 1044 2388 non·

77 2435 156 2500 ualli
179 2437 379 2528 philosophi,
411 2434 569 2503 vindictae
594 2437 658 2502 boc
683 2451 817 2526 systema
841 2439 1043 2508 vehementer

76 2551 305 2644 improbantes.
1050 2609 1056 2622 .

88 2737 92 2746 ,
122 2669 313 2755 Audiamus,
337 2671 399 2737 hac
420 2670 533 2756 dere,
557 2687 696 2739 veterem
715 2649 938 2764 philosopbum
959 2672 1044 2741 Stoi·
1173 2654 1178 2664 ¹

76 2811 168 2870 cum,
191 2811 335 2855 suram
359 2789 426 2879 (3),
450 2805 483 2856 et
500 2815 684 2860 crcanornu
701 2789 759 2881 (4).

124 2905 247 2973 Poenas
264 2908 450 2998 irrogavisse
467 2909 646 2993 Romanos,
671 2911 764 2976 etiam
778 2908 819 2974 ad
832 2907 1048 2995 delinquentes

80 3022 317 3108 emendandos,
330 3025 435 3114 potius
448 3049 541 3114 quam
554 3023 746 3117 puniendos,
760 3040 863 3116 patet,
875 3027 957 3090 inter
967 3023 1045 3112 aliu,

80 3163 123 3206 ex
139 3140 208 3229 legs
222 3163 262 3206 ao
270 3141 321 3230 ff.
337 3141 377 3206 de
387 3143 516 3208 Poenis.
562 3139 708 3207 Addatur
722 3165 825 3208 sonos
838 3165 973 3210 orturus
985 3141 1045 3234 (5),

79 3258 137 3324 ubi
168 3257 303 3348 primam
329 3281 504 3350 poenarum
529 3283 654 3326 causam
679 3262 830 3353 appellat:
864 3265 1045 3343 νουθεσίαν,

80 3379 205 3448 utero
232 3393 287 3444 ant
312 3381 510 3467 παραίνεσιν,
544 3381 733 3447 conveniens
759 3381 821 3446 hac
848 3380 883 3445 in
910 3403 946 3444 re
971 3401 1046 3444 cum

112 3701 152 3767 (Ι)
169 3701 281 3752 Garum
300 3716 357 3768 erp.
374 3701 402 3752 9.
416 3715 441 3753 r.
457 3700 475 3750 t
491 3703 519 3751 el
536 3700 564 3754 0.

108 3793 151 3857 (2)
167 3793 207 3844 cl.
224 3807 321 3852 rtur,
339 3790 421 3842 ustor
436 3791 477 3842 dis
493 3793 571 3842 llnlur
589 3789 641 3841 und
656 3790 706 3842 deu
721 3790 812 3842 zecri
830 3788 875 3842 det
889 3790 980 3844 unsre.

95 3879 375 3950 'fflmmww

113 3973 154 4041 (4)
170 3976 207 4026 De
224 3973 315 4026 ouen·
330 3974 353 4024 Ι.
373 3972 417 4024 rt.
453 3989 469 4022 s
480 3972 572 4024 omis
588 3979 677 4025 estest
691 3979 718 4024 rt
734 3971 930 4025 wlnodum
952 3979 978 4026 rt
994 3989 1052 4026 ων·

177 4067 274 4132 murlo
290 4064 451 4116 metendis
469 4079 564 4115 ceren
584 4065 674 4126 deber,
692 4078 778 4130 seper
792 4065 829 4114 cd
844 4065 918 4132 rjus,
937 4067 985 4132 psi
999 4082 1052 4134 pu·

175 4161 255 4210 strar
274 4157 390 4224 aliqum
407 4163 456 4206 urst
473 4156 559 4224 certic
569 4156 690 4223 fotique,
710 4157 808 4207 erdod
819 4158 980 4225 nepstttm
996 4159 1052 4208 sti·

175 4249 281 4301 urcem
296 4247 428 4316 reserri.”

104 4341 157 4406 ,(5)
175 4342 247 4392 boel.
265 4341 322 4393 Art.
343 4337 397 4388 lib.
414 4338 459 4392 Vl.
476 4354 500 4390 o.
521 4337 560 4388 14.
