2438 4972
519 665 576 733 ldl

110 875 180 973 vt.)
214 880 392 949 Perfectum
418 880 646 970 separationem
672 898 738 942 non
776 878 877 944 solum
913 899 1025 965 serus,

66 1001 121 1070 sed
147 1001 244 1067 etiam
268 998 407 1088 ejusdem
431 996 539 1063 delicti
563 1002 716 1062 sociorum
742 997 891 1085 consequi
909 1001 1028 1088 poterit

66 1135 200 1212 systema
217 1117 489 1206 Philadelphense.
522 1113 617 1200 Cujus
637 1113 685 1182 rei
704 1113 910 1180 memorabile
923 1137 1026 1182 exem·

67 1239 155 1328 plum
179 1236 317 1303 affenmt
340 1256 438 1300 uncus
465 1247 499 1298 et
525 1253 863 1316 mooun-russanen,
890 1231 1029 1320 ejusdem

68 1355 176 1423 delicti
195 1355 334 1436 socium,
358 1353 412 1441 tpui
435 1348 546 1417 eadem
561 1349 682 1439 pariete
696 1365 856 1440 separatus
870 1351 910 1417 ab
926 1351 1026 1418 altero

66 1473 174 1556 socio,
197 1472 282 1538 hunc
301 1493 360 1560 per
382 1467 424 1536 30
446 1489 545 1534 annos
565 1467 709 1534 laeserat.

109 1588 196 1677 vll.)
224 1589 274 1655 Eo
299 1609 375 1654 vero
404 1585 538 1653 maxime
564 1599 702 1674 praestat
720 1599 854 1675 systema
872 1587 1027 1656 Philadel·

68 1709 186 1798 phense
204 1705 425 1787 Aubmnensi,
448 1701 535 1792 quod
552 1725 678 1769 carcere
691 1703 826 1772 liberato
840 1706 962 1774 facilius
976 1709 1027 1775 ria

71 1842 192 1918 pateat,
205 1823 291 1892 utad
302 1824 417 1891 civium
425 1824 607 1890 societatem
620 1820 821 1907 admittatur,
831 1826 915 1892 salva
924 1827 1024 1910 fama3

70 1969 142 2012 nam
166 1943 366 2012 Aubmnensi
386 1955 552 2032 systemate
569 1961 635 2006 non
654 1954 759 2028 potest
773 1941 934 2030 impediri,
950 1968 1028 2033 quo.

71 2067 172 2132 minus
190 2062 406 2151 delinquentes
428 2083 462 2126 se
482 2059 619 2126 invicem
637 2074 829 2148 cognoscant
846 2073 879 2124 et
893 2060 939 2126 sic
951 2063 1029 2144 reci·

70 2181 132 2248 diri
153 2181 232 2248 fiant
253 2179 295 2246 ad
315 2201 399 2246 nora
420 2176 547 2244 delicta.

111 2301 235 2366 Malitia
262 2313 316 2364 aut
341 2295 451 2364 odium
476 2293 638 2386 impellere
658 2294 777 2384 poterit
798 2297 1029 2386 corruptiorem

70 2419 229 2510 captivum
260 2415 450 2497 liberatum,
491 2427 529 2480 ut
564 2412 796 2502 delinquentem
827 2415 1028 2486 emendatum

69 2537 172 2627 privet
198 2535 232 2600 in
260 2548 422 2624 posterum
449 2531 564 2598 civium
589 2532 819 2602 existimatione
840 2536 1027 2606 referendo:

68 2679 132 2724 sese
164 2670 334 2742 utrumque
371 2673 532 2719 carcerem
547 2657 549 2664 ’
564 2652 697 2741 partitos
726 2651 831 2718 fuisse.
889 2653 1030 2741 Systema

70 2771 349 2861 Philadelphense‚
387 2769 452 2836 hoc
478 2768 656 2859 pericnlum
684 2781 844 2850 metuens,
876 2768 1030 2857 impedire

70 2889 192 2974 studet,
216 2888 383 2977 quominus
409 2887 527 2978 captivi
552 2887 631 2952 socii
651 2907 717 2950 sese
740 2884 841 2948 risam
864 2899 897 2948 et
912 2885 958 2953 sic
973 2885 1030 2974 (ju-

72 3024 164 3076 rante
178 3008 259 3097 ipsa
281 3005 429 3072 locorum
452 3001 615 3087 distantia,
645 3003 679 3068 in
703 3015 790 3068 vasta
810 3002 959 3070 Amerina
978 3002 1030 3070 Se-

72 3123 306 3218 meridionali),
342 3124 491 3192 liberatus
522 3119 726 3210 delinquens,
766 3119 964 3206 emendatus,
998 3124 1033 3189 in

72 3245 276 3336 longinquam
309 3241 505 3334 provinciam
540 3237 791 3330 proficiscendo,
829 3239 922 3308 facile
950 3242 1032 3306 vitae

73 3379 233 3453 quaestum
260 3363 441 3428 inventurus
466 3373 524 3426 est.
570 3357 870 3448 operaepretium,
894 3357 1031 3424 adhunc

72 3481 259 3550 sententiam
269 3477 479 3560 liulciendam‚
494 3490 541 3544 est
556 3475 700 3542 conferre
711 3475 918 3542 memorabile
930 3499 1032 3543 exem·

72 3599 160 3689 plum
170 3595 256 3688 qnod
268 3597 405 3664 excitant
418 3593 458 3662 de
470 3616 642 3660 monerer
651 3607 684 3659 et
692 3595 955 3672 roccumuunll.
968 3594 1028 3683 (r).

28 3731 31 3736 ·
118 3717 298 3804 Antequam
312 3729 503 3780 transeamus
514 3708 555 3776 ad
567 3711 725 3797 uniusque
739 3709 1034 3800 systematisdamna

76 3849 132 3900 ant
144 3832 357 3900 emolumenta
370 3827 592 3921 ponderanda,
610 3825 760 3893 addamus
775 3825 1035 3918 praecedentibus

78 3950 323 4042 pulcherrimam
334 3949 471 4014 solitarii
486 3954 623 4014 carceris
635 3950 759 4034 poenos
772 3944 1035 4036 descriptionem,

108 4329 149 4398 (l)
167 4330 210 4384 Ι·.
225 4327 304 4393 Vlll,
323 4327 464 4394 »inputo
483 4341 531 4378 m
550 4326 575 4377 ls
589 4325 756 4392 pentecostes
774 4327 806 4378 de
827 4325 1044 4397 Pillodslpls‘s.''
