2438 4972
180 915 281 1008 degit,
295 915 403 1004 ibique
417 913 514 980 morti
526 913 692 993 occubuit,
706 911 857 978 invictum
868 929 965 998 usque
976 909 1018 975 ad
1028 921 1143 976 emtum

179 1035 319 1103 animum
347 1055 534 1100 conservans
550 1030 608 1121 (r).
654 1029 748 1096 Tales
778 1028 914 1094 nebulae
941 1029 1149 1094 obsctuanmt

178 1153 285 1219 lucem
303 1148 516 1244 splendidam,
535 1149 591 1214 illo
608 1155 752 1238 tempore
774 1143 871 1212 medii
895 1145 981 1229 aeri,
1003 1145 1144 1235 pietate,

180 1271 297 1339 vincte
307 1269 441 1354 bellica,
454 1271 577 1336 honore
590 1287 772 1350 accersam,
787 1287 868 1355 quae
876 1285 1036 1330 nummum
1049 1263 1149 1354 splen·

182 1387 295 1456 dorem
315 1404 408 1454 nacta
431 1402 478 1454 est
491 1402 637 1476 tempore
657 1382 896 1475 expeditionum
913 1383 1149 1465 Cruciatamm,

182 1529 280 1596 quum
302 1507 390 1572 varia
408 1483 607 1572 diversorum
634 1502 826 1594 populorum
850 1498 976 1568 indoles
996 1517 1032 1568 et
1050 1523 1152 1575 mores

183 1623 226 1690 ad
237 1623 366 1690 unicum
380 1643 514 1712 eumque
534 1619 694 1687 sublinem
712 1619 810 1688 finem
822 1641 889 1687 sese
904 1623 1150 1712 conjungerent,

182 1740 326 1832 inprimis
339 1740 458 1830 pietate
481 1739 650 1808 oscum.
674 1738 764 1805 Tunc
779 1740 865 1806 enim
875 1737 963 1805 rudis
977 1753 1012 1805 et
1028 1755 1153 1806 strenua

182 1856 279 1924 virttis
289 1855 406 1925 bellica
417 1857 864 1949 equumseptsnnlonalsm
871 1857 1019 1948 Europae
1030 1872 1153 1950 partem

182 1976 428 2048 inhabitantium
453 1979 629 2062 emicabat,
653 1975 731 2046 fides
757 1992 791 2044 et
817 1975 966 2044 indubius
991 1975 1153 2066 religionis

91 2155 92 2166 ,
182 2117 290 2168 tentus
317 2095 429 2185 equitis
454 2095 606 2164 Germani
627 2095 896 2166 corroborabatur
919 2095 1034 2186 equitis
1055 2095 1154 2163 Necr-

182 2210 270 2278 lsndi
289 2215 533 2300 perseverantis.
580 2213 753 2280 Iracundus
771 2213 884 2281 Gallici
903 2214 1016 2304 equitis
1028 2235 1152 2298 sensus,

184 2326 371 2393 dexteritate
393 2344 426 2394 et
446 2351 546 2395 coeca
566 2327 754 2396 forumdine
778 2331 927 2397 terribilis
952 2331 1158 2422 mitigabatur

183 2445 346 2528 majestate
375 2445 489 2531 equitis
521 2443 707 2529 Castellani,
743 2461 867 2512 austera
889 2447 975 2514 sacie'
1001 2448 1161 2516 fervidum

183 2558 368 2650 sanguinem
390 2557 630 2644 abscondentis,
653 2561 777 2650 saepius
798 2583 877 2627 vero
889 2561 1049 2629 vindictae
1063 2585 1161 2631 sensu

188 2676 270 2744 ultra
296 2677 424 2744 innatae
442 2677 658 2770 generositatis
678 2693 797 2745 metam
819 2676 918 2746 ducti.
963 2677 1162 2748 Samceno-

57 2819 66 2835 ·
190 2819 262 2868 tum
276 2795 442 2888 politiores
454 2817 576 2881 mores,
595 2811 629 2864 et
641 2797 739 2865 totius
747 2797 887 2865 Orientis
901 2798 1048 2890 superior
1064 2800 1164 2869 animi

193 2915 313 2999 ouon,
348 2916 445 2983 etiam
472 2913 715 2982 contribuebant
745 2914 918 2984 efficaciter
950 2914 991 2983 ad
1017 2915 1163 2984 rudiores

191 3031 375 3103 Occidentis
402 3035 534 3100 virtutes
567 3031 745 3124 poliendas.
799 3033 898 3106 Hisce
924 3033 1161 3102 considerandis

190 3152 356 3218 laetemur.
402 3151 454 3217 Ab
479 3151 579 3218 altera
602 3167 695 3242 parte
718 3153 851 3220 honoris
873 3127 967 3221 sensu
981 3165 1163 3242 nonaeque

193 3267 321 3334 fortiter
337 3267 476 3334 imbutos
489 3267 603 3353 fuisse,
620 3269 686 3336 imo
704 3268 864 3338 vindictae
884 3269 1070 3338 obedientes
1085 3292 1165 3337 con·

194 3389 360 3454 taminasse
388 3409 549 3454 armorum
584 3385 787 3476 splendorem
823 3388 983 3480 principes
1023 3387 1164 3476 alioquin

196 3507 344 3572 omnibus
370 3506 488 3597 ingenii
521 3519 555 3572 et
588 3505 732 3596 corporis
758 3503 887 3580 dotibus
911 3504 1090 3598 praeditos,
1115 3506 1167 3596 qui

195 3622 328 3712 egregiis
352 3623 503 3712 exemplis
529 3621 660 3695 subditis
689 3625 813 3714 praeire
842 3623 1040 3709 debuissent,
1070 3621 1166 3691 docet

195 3741 337 3818 historia
369 3741 507 3814 Unicum
520 3741 698 3833 exemplum
712 3743 766 3809 hic
779 3741 926 3810 sufficiat.
948 3743 1166 3810 chasnnosi

199 3857 319 3947 (coroa
343 3883 385 3926 oa
411 3860 503 3950 ntor)
532 3860 665 3952 Angliae
690 3884 763 3946 rex,
789 3861 949 3954 exemplar
977 3862 1045 3928 siue
1069 3860 1167 3934 dubio

198 3977 419 4066 perfectissimi
433 3979 546 4068 equitis
565 3995 598 4045 et
613 3980 764 4071 principis
777 3981 1000 4066 strenuissimi,
1022 4003 1062 4047 cx
1074 4003 1166 4070 expe-

202 4091 375 4162 ditionibus
388 4113 499 4164 contra
511 4097 702 4166 Sarracenos
721 4099 837 4182 redux,
861 4101 892 4164 vi
915 4099 1109 4192 tempestatis
1135 4099 1168 4167 iu

105 4411 108 4418 y
229 4352 270 4426 (l)
286 4355 418 4420 lustrat,
439 4371 480 4422 op.
497 4357 566 4412 laud.
584 4359 653 4408 lom.
673 4360 715 4428 ll,
735 4377 792 4428 pag.
811 4360 872 4422 ibi.
