2430 4988
639 649 684 715 68

228 838 351 944 iiestat,
365 873 401 925 ut
411 855 587 942 videamus,
603 858 731 946 quinam
742 857 776 920 in
789 855 912 921 civitate
925 856 1135 945 magistratus,

183 977 292 1071 primis
311 977 504 1068 temporibus
517 997 625 1042 curam
641 974 809 1040 habuerint
820 993 1001 1056 carcerum,
1024 995 1145 1039 eomm-

182 1121 243 1186 que
269 1097 323 1185 qui
349 1094 524 1160 carceribus
549 1089 794 1158 includerentur.
838 1088 917 1156 Inde
941 1091 1152 1156 transibimus

184 1213 226 1281 ad
239 1215 403 1297 salutares,
421 1234 500 1300 quae
511 1212 571 1276 hac
582 1210 617 1274 in
630 1231 665 1274 re
677 1209 874 1276 obvenenmt
886 1206 1148 1290 emendationes,

183 1331 241 1398 sub
257 1330 499 1424 Imperatoribus
520 1327 712 1394 Christianis.
758 1325 830 1410 Qua
849 1326 884 1391 in
902 1349 939 1391 re
956 1349 1024 1391 non
1041 1349 1184 1416 poso?

183 1473 253 1516 mus
271 1450 415 1514 omittere
432 1443 655 1512 sollicitudines
675 1459 708 1510 et
727 1443 868 1533 querelas
884 1445 1003 1534 egregii
1021 1444 1081 1508 viri
1100 1467 1196 1508 ιν

183 1589 291 1648 narn,
317 1566 370 1654 qui
389 1564 467 1628 mihi
486 1563 546 1628 hae
564 1562 599 1627 in
617 1585 653 1627 re
673 1563 861 1653 praecipuum
883 1576 996 1626 auctor
1019 1559 1160 1628 videon-

182 1684 297 1764 iaetus,
315 1697 351 1746 ut
371 1679 556 1746 excellentes
577 1680 787 1770 Imperatores
803 1677 971 1744 sollicitam
990 1701 1101 1744 euram
1114 1680 1151 1745 ei

182 1797 399 1881 adhibuerint,
423 1791 538 1887 quique
556 1797 662 1862 multis
678 1799 714 1862 in
728 1796 824 1862 rebus
839 1818 907 1862 non
925 1795 1040 1883 injuste
1057 1819 1141 1862 eom-

182 1915 287 2008 parari
305 1931 411 2006 potest
427 1938 501 1982 eum
521 1914 621 1982 altero
642 1913 842 1980 humanitatis
859 1911 997 1980 deoore:
1021 1937 1142 1981 aomar

182 2057 357 2102 aowsnoo.
729 2045 733 2052 '

226 2150 456 2239 Antiquissimis
466 2150 678 2239 temporibus,
693 2163 772 2216 teste
784 2171 948 2216 rourosro
961 2149 1021 2239 (1),
1042 2158 1144 2216 trinos·

182 2275 257 2334 vtro
276 2265 461 2354 capitalibus
482 2263 631 2330 mandata
658 2281 706 2330 est
735 2267 869 2331 carceris
890 2282 924 2332 et
943 2265 1142 2332 latomiarum

183 2379 345 2465 custodia3
370 2380 406 2468 (i.
432 2403 462 2446 e.
485 2402 552 2446 non
576 2382 637 2470 ipsi
664 2381 844 2448 custodibus
866 2382 1069 2470 inferioribus
1091 2407 1140 2450 ae·

183 2487 368 2588 qaaiparandi
392 2495 507 2587 erant).
553 2497 635 2566 Nam
658 2497 747 2588 quod
767 2499 899 2590 legimm
915 2500 1140 2592 apudsanaos·

181 2636 282 2682 nmis:
306 2613 443 2681 vindicas
466 2637 569 2679 rerum
593 2615 774 2704 capitalium
798 2639 945 2684 marono
969 2619 1077 2708 gulam
1099 2620 1144 2684 la.

184 2757 264 2826 queo
281 2732 443 2824 fregisse,
476 2747 563 2799 certe
589 2754 655 2798 non
681 2731 901 2824 accipiendum
927 2749 975 2801 est
1003 2734 1045 2802 de
1070 2737 1143 2828 ipsis

182 2851 352 2918 niumviris
380 2848 584 2941 capitalibus,
615 2849 675 2914 sed
699 2846 740 2915 de
766 2850 894 2917 illorum
923 2853 1094 2939 ministris,
1122 2855 1142 2919 8

184 2991 337 3052 numero,
354 2967 535 3053 lictoribus,
550 2965 664 3059 quibus
678 2967 737 3033 hoe
745 2983 944 3059 praeceptum
955 2971 1060 3038 erat.'’
1084 2973 1145 3063 Ap·

183 3099 327 3174 paretes
342 3084 422 3150 loeis
438 3085 572 3152 Iivianis
588 3084 670 3174 (Lib.
681 3085 785 3170 XXV,
796 3109 827 3154 e.
839 3111 867 3154 1.
881 3103 914 3154 et
923 3087 1143 3176 lanxxxfl,

183 3223 216 3267 e.
237 3199 310 3292 28),
335 3207 511 3266 triumviros
529 3203 679 3291 captum
696 3203 780 3270 inter
797 3206 993 3296 magistratus
1009 3209 1146 3275 minores

184 3333 364 3386 numeratos
378 3317 483 3386 fiune.
526 3319 558 3383 A
579 3297 759 3385 enodibus
773 3323 907 3389 earcuo
921 3347 1066 3415 expresse
1084 3325 1146 3393 dis·

184 3436 367 3525 tinguuntur
394 3433 478 3527 apud
495 3457 662 3502 anamma
682 3458 837 3504 armna
852 3439 911 3530 (s).
956 3441 1054 3509 Hisce
1070 3466 1146 3510 vero

184 3568 351 3642 praeerant
381 3567 415 3620 et
440 3551 650 3620 mandabant:
682 3568 718 3620 ut
742 3579 861 3629 eonem,
877 3565 1051 3626 tramenta
1079 3569 1148 3627 ana·-

184 3667 441 3754 madvotermur,
465 3670 512 3736 uti
524 3671 616 3737 estin
639 3671 661 3738 l.
679 3697 709 3740 a.
723 3658 766 3764 ff.
781 3673 821 3739 de
839 3674 927 3742 0.Ι.
951 3675 1043 3762 830,
1059 3679 1145 3766 fise.

182 3783 288 3852 Creati
311 3785 456 3854 videntur
481 3809 565 3854 anno
590 3789 632 3856 U.
656 3790 694 3858 C.
717 3789 795 3872 465.
840 3793 965 3860 Auctor
983 3797 1076 3864 nobis
1098 3813 1145 3863 est

186 3923 318 3987 mosao,
342 3904 522 3972 triumviros
550 3907 697 3997 capitales
720 3907 761 3977 de
786 3910 913 3982 illorum
936 3913 1056 3984 scelere
1070 3937 1146 4005 cog·

179 4085 512 4107 *Qu—...-

212 4185 253 4251 (ι)
270 4183 299 4237 ι.
319 4181 345 4237 r.
363 4187 439 4240 ns·
460 4191 490 4240 o.
508 4193 534 4247 1.
551 4193 563 4262 ς
581 4195 624 4245 so.

211 4270 253 4340 (ἱ)
272 4269 327 4324 ttt.
344 4273 375 4327 t.
391 4291 417 4328 o.
435 4277 462 4330 4.
