2430 4988
65 985 157 1047 nam,
172 983 269 1051 quum
286 959 430 1044 liberter,
446 959 534 1026 illam
550 957 757 1030 concordiam
771 963 823 1029 vel
838 979 1030 1032 concentum

64 1083 314 1171 interrumpent,
336 1081 407 1170 ipae
426 1077 577 1144 damnum
593 1101 740 1168 reparare
758 1083 867 1170 poerit.
912 1085 980 1150 Nisi
996 1085 1031 1152 li-

65 1201 173 1265 bertas
194 1197 365 1280 adfuisset,
388 1193 468 1262 ordo
485 1197 616 1262 moralia
630 1197 774 1263 ttrrbatus
789 1221 855 1265 non
867 1201 1032 1286 firiaset3ai

64 1317 195 1384 liberter
215 1339 287 1382 non
305 1314 465 1399 adfuisset,
479 1314 561 1381 crdo
576 1315 705 1381 moralia
721 1315 882 1384 emendari
896 1345 962 1386 non
976 1343 1033 1410 pc·

65 1436 189 1502 minet.
226 1435 342 1500 mnu
358 1433 409 1500 vel
421 1429 581 1499 denucaa
594 1433 755 1520 libertate,
770 1435 843 1504 fora
856 1438 959 1503 omnia
970 1455 1034 1504 am

66 1553 208 1618 bationis
227 1553 399 1618 exsiccatur
414 1551 601 1642 penitusque
620 1553 814 1637 exhauritur,
838 1552 895 1620 aed
908 1555 955 1620 aic
971 1578 1033 1622 una

65 1672 229 1762 privamur
245 1669 386 1737 remedio
407 1668 450 1735 ad
468 1669 700 1758 reparationem
714 1669 881 1738 destinato.
927 1671 1034 1754 Quum

64 1811 106 1856 ea
133 1790 226 1880 igitur
251 1790 292 1854 sit
314 1787 420 1854 omnia
440 1787 518 1852 boni
540 1803 595 1852 aut
617 1787 694 1852 mali
711 1788 808 1854 veluti
822 1790 910 1874 fons,
927 1791 1032 1856 inbu·
1057 1848 1063 1862 .

64 1929 160 1972 mann
182 1908 352 1988 societate,
383 1927 451 1970 non
472 1902 569 1970 debet
586 1906 748 1988 obnrrari,
769 1905 826 1970 aed
845 1923 1033 1996 apertmre·

64 2023 173 2098 cineri.
218 2023 320 2089 Simul
339 2039 448 2088 tamen
464 2013 660 2102 cavendum,¹
675 2043 717 2086 ne
733 2021 907 2106 extrudam,
919 2022 1034 2090 diutim

65 2139 112 2207 ad
140 2141 289 2206 damnum
313 2137 513 2206 inferendum
533 2153 710 2230 grmaetur3
734 2139 942 2227 quamobrem
964 2161 1034 2206 cua*

67 2255 169 2323 todiri
185 2256 297 2342 debet,
321 2255 424 2324 donec
441 2271 658 2348 opportunum
670 2256 823 2346 temporie
838 2271 1035 2324 momentum

65 2377 206 2460 venerit,
229 2399 293 2466 quo
316 2379 418 2468 portia
437 2376 561 2442 fontem
578 2374 638 2440 aibi
655 2374 849 2463 relinquere,
873 2397 1034 2442 reversum

63 2493 109 2562 ad
131 2495 271 2586 priorem
290 2510 428 2578 mamm,
450 2509 488 2560 ut
508 2493 556 2559 aie
576 2493 835 2582 circumjacentes
858 2517 949 2586 agree
963 2494 1034 2562 red·

63 2611 122 2678 dat
142 2612 361 2678 lundrnmoa.
470 2682 471 2690 χ

109 2728 183 2812 Quo
205 2728 445 2824 propideamua,
469 2749 511 2794 ne
532 2725 640 2794 damni
664 2725 741 2818 quid
761 2728 814 2795 vel
834 2731 972 2797 mrbatio
986 2732 1033 2798 in-

61 2846 184 2913 feratur
203 2848 359 2914 humanae
380 2846 525 2912 aocietau'
544 2845 675 2930 morali,
698 2867 826 2914 necesse
845 2862 892 2912 eat
907 2864 944 2912 ut
956 2849 1032 2914 huic
1147 2901 1150 2914 .

60 2965 237 3032 turbationi
253 2979 449 3032 occurramr.
495 2962 593 3046 Quod
609 2963 646 3029 fit
661 2962 784 3028 duobus
796 2961 916 3028 modice

110 3079 139 3146 1.
170 3080 380 3148 Remorendia
401 3083 442 3148 ab
464 3082 532 3172 ipaa
553 3101 647 3148 eausa
668 3079 780 3146 turbae
798 3080 966 3147 momentis
988 3081 1029 3148 ad

61 3197 227 3265 actionem
247 3200 374 3264 noriam
395 3200 611 3268 incitantibus.

106 3317 150 3383 Δ.
186 3317 231 3383 Ut
251 3317 437 3386 illustranda
461 3318 617 3385 libertatis
643 3319 792 3403 notione,
815 3320 909 3386 noxia
926 3319 1027 3408 repel·

59 3435 162 3501 lamus
182 3451 356 3502 momenta.

68 3571 70 3574 ·
108 3553 275 3620 Civitatum
299 3551 552 3622 moderatoribus
575 3553 746 3644 competit,
767 3567 822 3617 aut
844 3551 948 3641 potius
967 3553 1027 3642 ipel

60 3669 231 3761 providere
250 3669 407 3762 possunt,
425 3670 531 3760 quarm
548 3675 614 3758 ejus
636 3669 705 3735 fieri
724 3669 815 3753 licet,
839 3671 1026 3737 attentatio

60 3803 97 3856 et
111 3788 195 3854 male
210 3788 323 3882 agendi
336 3788 506 3855 illecebrae
526 3788 723 3873 hominibus,
739 3787 778 3852 iia
790 3785 940 3872 subditis,
957 3787 1025 3854 adi-

59 3923 204 3990 mantur,
234 3923 273 3974 ut
297 3909 343 3974 aic
362 3904 528 3974 emendari
553 3908 674 3998 possint
697 3929 808 3974 comm
829 3907 941 3992 animi,
965 3927 1026 3976 nec

59 4023 142 4090 orrlo
169 4025 296 4092 socialia
318 4026 474 4092 nubetur.

103 4143 146 4211 11.
181 4144 228 4210 Ut
254 4157 496 4232 compensentur
517 4157 679 4209 momenta
706 4141 746 4208 ad
772 4141 922 4242 damnum
948 4145 1025 4211 inci·

59 4260 159 4327 tantia
177 4283 253 4326 cum
270 4263 441 4326 momentis
459 4261 656 4352 placantibus
677 4261 701 4327 i.
722 4283 752 4330 e.
773 4263 841 4329 aliia
857 4259 1022 4344 remediis,

59 4377 211 4480 damnum
231 4379 458 4468 reparantibus.
738 4357 741 4364 ⁴

835 4495 874 4559 ¹*
