2430 4988
36 918 209 1008 Sueeiam,
235 923 397 1008 Russiam,
421 923 606 1010 Poloniam,
629 923 763 992 Turciae
781 942 923 1018 partem,
948 927 1013 996 eol·

35 1044 119 1134 legit
145 1043 178 1108 iu
206 1044 335 1134 egregio
361 1065 475 1133 opere:
501 1044 553 1108 tlte
579 1057 661 1109 state
685 1045 730 1134 ⁰f
744 1045 796 1111 tlte
821 1047 954 1114 Primus
977 1055 1012 1114 r‘n

39 1161 197 1251 Errghnd
213 1162 282 1228 aad
294 1143 405 1229 Woles
428 1199 471 1211 -
491 1161 560 1226 end
579 1185 623 1226 an
646 1176 782 1227 account
800 1166 843 1254 ⁰s
852 1189 937 1232 some
950 1166 1011 1256 so·

38 1288 132 1369 reign
147 1287 292 1369 prisone.
320 1281 539 1368 'Warrdugton
565 1308 576 1346 r
583 1303 659 1368 777.
698 1279 898 1364 Notandum,
922 1282 1011 1371 quod

39 1398 171 1488 egregia
204 1391 362 1464 nowsrnr'
394 1398 563 1463 conamina
599 1415 827 1464 concurrerent
856 1399 939 1490 lcum
972 1402 1011 1466 iis

40 1518 238 1607 praeceptis,
256 1541 333 1606 quae
352 1539 521 1608 generosus
540 1539 713 1600 moenera,
734 1517 936 1584 humanitatis
949 1533 1011 1584 stu·
1098 1609 1100 1614 ι

40 1633 101 1699 dio
130 1657 226 1724 aetpre
254 1634 401 1701 ardenter
429 1650 555 1718 motus,
587 1635 661 1700 letis
690 1651 723 1702 et
751 1635 1010 1728 legumlatoribus

40 1753 237 1842 principibus
254 1751 387 1818 tradidit
403 1752 437 1817 in
452 1751 552 1818 libro:
577 1751 648 1850 »det
662 1753 764 1818 delini
774 1778 792 1818 e
804 1755 1005 1845 dellcpene.'’

38 1851 87 1935 Eo
112 1887 217 1938 tamen
239 1893 397 1938 newsum
420 1887 555 1936 conatus
580 1865 796 1961 praestabant,
820 1871 908 1960 quod
932 1897 1006 1940 nnc·
1094 1873 1096 1876 ’

37 2011 137 2054 cum
149 1993 277 2078 ejusque
296 1989 461 2080 discipuli,
482 1987 691 2054 theoreticam
711 2003 851 2072 tantum,
875 2013 1006 2057 nowen·

38 2130 101 2171 nus
121 2129 200 2173 vero
224 2108 396 2196 practicam
415 2109 582 2173 veritatem
606 2104 770 2173 docerent.
818 2105 872 2172 Sic
897 2131 1007 2174 sacm-

38 2247 99 2290 rus
114 2240 234 2290 tantum
254 2225 384 2290 herbam
404 2225 586 2309 salutarem,
608 2247 788 2290 nowssnns
803 2227 872 2312 ejus
891 2225 955 2292 vim
973 2243 1006 2293 ct

37 2366 132 2410 usum
154 2343 292 2410 indicare
313 2341 476 2435 poterbnt,
498 2367 562 2433 que
585 2342 742 2411 medelam
766 2360 894 2434 possent
912 2368 1004 2436 prae·

35 2463 113 2529 bere
127 2464 361 2554 aegrotantibus
373 2463 550 2546 civitatum,
565 2463 599 2528 iu
611 2485 647 2528 re
660 2462 828 2547 criminali,
841 2464 1001 2532 institutis.

34 2579 228 2647 Gravissima
244 2583 341 2648 etiam
352 2582 430 2646 vitio
441 2582 519 2647 baec
528 2579 666 2666 theoria,
682 2581 820 2667 ltaliam,
834 2583 1002 2650 Franciam

32 2671 66 2764 et
82 2687 287 2766 Germaniam
303 2715 488 2790 penetrans,
501 2687 673 2766 laborabat
689 2723 747 2784 eo,
765 2699 853 2789 quod
863 2700 904 2767 ad
916 2723 1003 2793 egre·

31 2818 116 2908 giam
146 2841 310 2884 carcemm
340 2815 595 2884 emendationem
623 2816 775 2884 accedere
804 2819 997 2908 negligeret,

30 2957 111 3023 quae
133 2937 200 3022 jam
225 2936 284 3002 sub
307 2933 404 3001 linem
426 2935 543 3001 saeculi
565 2931 678 3002 xvnf.
701 2951 734 3000 et
757 2935 849 2998 initio
870 2933 998 3001 xvuli.

28 3052 66 3116 in
86 3053 190 3140 patria
205 3067 316 3118 nostra
334 3067 367 3118 et
386 3051 557 3134 Germania
573 3049 836 3140 septentrionali,
853 3066 890 3116 ut
905 3049 1000 3118 Ham·

27 3168 142 3257 burgi,
164 3169 309 3253 Bremae,
330 3170 472 3261 vigebat,
493 3170 560 3233 imo
584 3191 650 3234 non
668 3167 843 3236 attenderet
857 3168 900 3236 ad
913 3193 999 3262 egre·

28 3288 117 3376 giunr
140 3305 237 3376 opus,
262 3284 469 3354 admiratione
491 3287 593 3353 omnis
617 3288 726 3354 aetatis
746 3287 953 3380 perdignum,
978 3312 998 3354 a
1090 3311 1094 3320 ·

28 3403 993 3474 uanurnsnssuconditum:carceremscil.Gandavensem.
1066 3451 1069 3457 ι

28 3521 110 3588 Nam
133 3546 242 3589 omnes
262 3526 323 3591 hae
348 3525 557 3592 institutiones
581 3524 680 3589 multa
703 3521 881 3611 praeclara,
906 3520 993 3608 quod

27 3639 67 3704 ad
94 3663 223 3732 operas,
247 3642 447 3724 alimoniam,
471 3643 610 3710 sanitatis
637 3639 832 3728 captivorum
862 3661 990 3724 curam,

25 3758 147 3824 cultum
167 3758 308 3825 divinum
327 3747 526 3844 incarcere,
551 3757 776 3824 continebant:
814 3755 862 3820 lta
879 3771 912 3821 et
929 3757 993 3824 An·

26 3876 82 3964 glis
101 3878 205 3943 honos
225 3880 363 3968 primum
386 3879 566 3968 competiit,
590 3874 728 3944 studium
748 3876 811 3940 boc
826 3875 921 3964 plane
936 3901 992 3944 no·
1061 3887 1078 3908 “

27 4015 119 4078 rum,
143 3996 204 4061 hac
227 4011 349 4080 aetate,
373 3991 613 4064 instauravisse.‘
770 3995 773 4004 ’

64 4113 149 4179 Nam
170 4115 263 4180 simul
285 4139 358 4181 eum
377 4117 551 4208 Anglorum
571 4113 805 4202 conaminibus,
824 4115 942 4181 exstitit
956 4116 989 4183 in

29 4230 173 4296 America
194 4231 454 4322 septentrionali,
483 4229 737 4323 Philadelpbiae,
762 4256 780 4298 a
805 4256 988 4300 ournrnmro

30 4367 105 4416 run
132 4349 298 4434 conditae,
328 4375 389 4441 ope
411 4352 464 4441 pia
490 4367 594 4418 sectae
618 4353 788 4436 Fratrum,
818 4350 989 4440 (Qualem)

825 4489 843 4530 ἢ
884 4491 887 4500 .
