2460 4530
666 288 707 352 ut

214 451 429 570 Gandavensu
446 500 492 589 (ι)
523 515 555 563 et
576 447 827 564 Vilvoordiensrs.
886 497 987 562 Multa
1008 515 1174 586 praeterea

210 621 291 686 hane
313 623 347 686 in
367 641 434 684 rem
451 618 583 682 contulit
597 622 807 682 nuorirrsox.
854 617 890 679 ln
905 617 1068 701 Heluetia,
1090 621 1175 685 inter

209 738 346 828 singulos
369 759 487 827 pagos,
517 737 657 802 Urienss’e
682 735 774 824 plane
802 750 888 800 caret
908 757 1048 802 carcere.
1093 739 1175 804 Iau-

211 855 279 920 dari
296 867 487 922 'merentum
518 873 658 916 carceres
682 853 875 916 Basileemu
902 867 935 917 et
955 853 1176 922 Solodurenstr

203 945 410 1061 ¹(Solotlturn).
444 971 569 1034 Bemoe
581 991 696 1050 novus,
712 967 766 1033 sed
783 969 869 1033 nulla
886 972 971 1034 cerui
986 973 1175 1040 architectu-

210 1111 265 1154 rae
292 1079 394 1152 ferini
419 1087 599 1169 observate,
622 1085 768 1150 conditus
790 1103 888 1152 exstat
915 1111 1034 1154 carcer.
1082 1091 1172 1157 ldern

181 1279 186 1292 1
212 1203 380 1272 dicendum
411 1201 452 1266 de
484 1225 610 1268 carcere
632 1186 852 1268 Lousonnensr‘
878 1205 912 1268 in
926 1229 1016 1294 pago
1045 1210 1170 1276 Vardo.

204 1321 289 1388 'Prae
302 1322 413 1387 ceteris
427 1343 503 1386 vero
518 1311 651 1386 eminet:
669 1342 778 1386 carcer
792 1321 981 1387 Genevensts
995 1323 1062 1412 (qui
1073 1349 1172 1417 pagus

209 1440 384 1530 generatim
415 1437 570 1504 laudabile
600 1439 763 1528 praebuit,
796 1436 973 1504 recentiore
1004 1456 1171 1531 tempore,

211 1557 388 1646 exemplum
404 1555 585 1622 moderatae
598 1571 631 1621 et
645 1557 798 1620 humanae
812 1555 1031 1645 legislationis,
1056 1562 1173 1648 proba·

208 1676 382 1740 tae'etiam
405 1674 440 1737 in
463 1676 552 1739 novis
578 1672 739 1738 codicibus
762 1672 964 1762 legislationis
987 1679 1174 1743 recentioris

210 1793 243 1854 in
260 1792 361 1879 patria
376 1791 494 1879 nostra)
511 1793 545 1854 in
561 1790 695 1854 formam
710 1788 872 1854 radiorum
883 1791 1030 1858 conditus
1046 1795 1060 1883 (
1079 1795 1106 1884 ).

254 1908 291 1969 In
308 1907 449 1988 Austria‚
470 1910 537 1992 jarn
551 1905 626 1972 inde
643 1930 812 1972 asosnrrro
824 1909 855 1973 11
869 1910 967 1974 multa
983 1915 1109 2002 egregia
1123 1916 1171 1979 in·
1206 1951 1209 1968 «

211 2022 356 2090 trodueta
371 2039 458 2107 sunt,
473 2038 508 2088 ut
525 2022 647 2089 assiduo
665 2042 895 2115 occuparentur
909 2025 1043 2110 detenti,
1069 2053 1173 2120 eoque

209 2165 320 2208 eorum
337 2142 502 2208 munditiei
514 2157 547 2209 et
559 2140 743 2234 disciplinae
755 2143 994 2233 provideretur„
1006 2145 1080 2211 Hoc
1093 2171 1170 2214 vero

211 2281 277 2326 non
294 2283 392 2349 aeque
405 2261 488 2326 valet
501 2259 542 2327 de
554 2261 699 2328 omnibus
711 2262 745 2326 in
757 2263 882 2331 dustria
897 2263 1075 2330 carceribus
1090 2290 1122 2332 v.
1139 2291 1168 2332 c.

240 2657 280 2724 (l)
296 2660 374 2722 Quam
396 2660 531 2710 humanum
553 2659 628 2710 finem
647 2659 695 2710 sibi
712 2661 871 2726 proposuerit
889 2665 998 2714 csreeris
1019 2665 1174 2716 Gaudente-

302 2751 340 2798 ss'e
355 2749 478 2800 conditrix
493 2762 576 2799 mn
592 2767 736 2812 reserere,
752 2757 823 2818 petet
836 2767 866 2802 er
881 2753 1046 2819 inscriptione
1056 2758 1082 2806 in
1093 2760 1174 2810 fronte

302 2839 379 2891 aedis.
426 2841 576 2892 strantes
600 2858 710 2907 eperum
735 2845 863 2894 curseto
889 2847 1093 2899 mutuum
1134 2851 1173 2900 ct.

302 2947 429 2982 sessurus
450 2931 664 2995 cotronense,
683 2934 742 2983 Totn
760 2935 788 2994 Ι,
808 2951 865 3000 pag.
884 2934 936 2987 327
952 2951 1023 3000 seqq.

237 3021 279 3092 (2)
296 3029 407 3075 Auctore
428 3024 562 3091 praecipue
582 3039 706 3084 oreon,
725 3025 823 3075 exstitit
840 3025 920 3085 teto,
940 3031 998 3092 post
1016 3026 1176 3080 deliberatio·

301 3133 346 3166 nes
361 3115 458 3165 habitas
474 3117 500 3165 in
517 3117 626 3166 comitiis
641 3116 760 3180 legiferis.
796 3115 926 3181 inprimis
942 3118 1062 3170 studuere
1081 3121 1175 3186 legun-

300 3208 392 3257 letores
408 3207 566 3258 Geneseoses
582 3207 762 3273 adjudicationi
777 3206 927 3257 diversarum
945 3210 1054 3274 partium
1071 3214 1176 3262 osroeris

301 3297 413 3348 diversae
428 3299 582 3364 captivorum
602 3299 696 3360 indoli,
714 3304 741 3348 et
759 3299 796 3348 sio
812 3298 838 3347 in
855 3298 947 3348 classes
963 3297 1052 3349 exacte
1065 3301 1177 3353 distincti

300 3387 407 3441 malefici
420 3387 556 3439 secundum
571 3393 724 3438 momentum
741 3389 906 3449 delictorum,
925 3389 1006 3440 levius
1018 3395 1065 3440 sut
1079 3395 1176 3457 parius

299 3479 448 3544 puniuntur.
499 3481 580 3544 Pagus
603 3480 755 3530 Genevensis
784 3480 849 3530 1822
879 3479 1008 3542 decrevit,
1034 3486 1070 3531 ut
1099 3499 1176 3534 novus

226 3603 231 3614 .
300 3583 387 3618 career
414 3570 580 3633 conderetur,
608 3571 653 3635 qui
676 3572 730 3636 jem
759 3571 824 3621 tutu
849 3571 933 3637 patuit
960 3571 1174 3634 delinquentibus.

301 3659 406 3708 constat
419 3661 517 3711 uisitati
536 3661 601 3712 eirea
618 3661 685 3722 600,
703 3661 761 3712 est.
772 3661 801 3714 fl.
823 3661 1026 3723 metensibus,
1038 3663 1131 3714 additis
1145 3663 1173 3715 fl.

302 3749 351 3809 il,
378 3749 430 3798 500
452 3766 497 3816 pro
522 3753 716 3804 oaioriduetibus
740 3753 939 3820 (wumetetter)
955 3769 1002 3820 per
1018 3757 1088 3805 tutet
1104 3755 1175 3806 sedes

301 3837 451 3889 distributis.
494 3842 533 3892 Gi.
560 3845 763 3895 arorwsrnu’s
788 3846 846 3896 und
865 3843 1012 3895 ruressr’s
1031 3845 1172 3897 Grininol.

302 3927 443 3992 terreus,
464 3929 525 3980 unt.
546 3932 584 3981 ttt
602 3933 627 3984 S.
647 3931 690 3984 70.
