2438 4972
177 935 234 1000 bu
256 933 372 1014 unitis,
404 931 565 996 vacillanti
590 930 781 1026 plerumque¹
801 932 1061 996 Americanorum
1089 955 1145 998 ra-

177 1043 320 1118 lctudini.
367 1047 464 1132 Quod
485 1046 526 1113 ad
547 1063 654 1113 mente
673 1063 802 1138 captos,
824 1048 952 1114 illorum
968 1053 1144 1138 praesentia

177 1169 212 1235 in
234 1169 412 1236 carceribus
432 1164 600 1232 tribuenda
621 1167 681 1232 erit
704 1165 842 1232 delectui
858 1183 1004 1258 aptarum
1020 1167 1144 1234 aedium

179 1284 221 1352 ad
248 1309 303 1354 eos
329 1283 538 1376 continendos
567 1282 666 1372 (quod
693 1281 844 1350 mendum
873 1285 942 1350 aliis
964 1287 999 1352 in
1018 1287 1144 1377 Europa

178 1406 356 1474 carceribus
378 1427 477 1493 aeque
489 1408 573 1490 Juste
594 1403 752 1468 invenitur
764 1401 826 1491 (r).

223 1524 280 1614 11.)
314 1522 494 1610 Objcctatio
526 1522 605 1587 baec
635 1544 749 1610 parum
779 1543 838 1586 nos
867 1522 1027 1587 morabit:
1062 1522 1149 1611 quod

179 1665 295 1732 nempe
317 1641 450 1708 effectus
466 1639 641 1728 systematis
658 1638 927 1730 Philadelphensis
941 1656 1008 1706 tam
1023 1639 1149 1707 diverso

178 1745 358 1851 gravamur
377 1773 501 1856 premat
516 1757 719 1847 captivorum
728 1759 867 1841 animos,
885 1780 986 1846 neque
1003 1759 1148 1822 omnium

179 1873 281 1941 indoli
311 1873 461 1964 quadrat,
486 1878 553 1964 jam
581 1897 675 1965 supra
702 1873 854 1960 vidimus,
879 1872 1149 1962 quemadmodum

176 1996 258 2072 haec
288 1994 403 2060 lacuna
435 1995 577 2084 expletur
608 1993 786 2083 frequentia
817 2010 850 2060 et
878 1992 965 2059 dulci
995 1993 1149 2058 solamine

180 2115 270 2180 verbi
287 2113 386 2180 divini
399 2114 546 2179 ministri.
592 2111 754 2201 Quidquid
769 2113 824 2195 sit,
842 2129 976 2201 systema
991 2111 1150 2182 Philadel-

178 2234 298 2322 phense
325 2232 436 2297 melius
460 2245 670 2319 consequeuu
697 2229 868 2296 solitudine
895 2229 1151 2297 emendationem

180 2347 409 2436 delinquentis,
435 2371 529 2436 quam
552 2347 647 2414 fatale
670 2349 915 2431 commercium,
940 2348 1029 2437 quod
1054 2363 1151 2437 syste-

177 2479 262 2528 mate
275 2464 475 2528 Aubumensi
491 2464 582 2526 vitari
595 2467 716 2550 nequit.

221 2580 294 2671 ΠΙ.)
326 2575 424 2661 Quod
449 2593 586 2668 systema
616 2578 878 2668 Philadelphense
910 2580 1051 2650 destruat
1081 2608 1154 2652 sen·

180 2723 251 2766 sum
272 2697 440 2782 socialem,
464 2697 519 2786 qui
535 2695 646 2762 labore
660 2696 763 2762 silenti
780 2713 994 2764 conservetur.
1031 2699 1154 2768 Nonne

179 2841 257 2885 vero
286 2817 457 2909 praestabit
486 2816 713 2882 commercium
745 2839 810 2882 non
836 2816 1048 2906 interruptum
1074 2841 1152 2885 cnm

179 2938 289 3028 paucis
314 2935 472 3024 exquisitis
497 2935 588 3018 viris,
612 2936 764 3000 virmtum
788 2933 949 3001 stimulum
976 2939 1150 3004 exercenti·

178 3055 238 3120 bus
258 3055 293 3118 in
315 3055 421 3130 animo
447 3053 582 3143 captivi,
608 3076 702 3142 quam
731 3055 897 3119 continuus
917 3053 1083 3144 adspectus
1098 3055 1150 3124 de·

179 3185 382 3262 praratorum
412 3170 597 3254 hominum,
632 3173 685 3260 qui
708 3173 857 3260 quamvis
886 3171 1018 3256 sileant,
1043 3187 1152 3240 tamen

178 3289 327 3355 vitiomm
341 3287 454 3378 stigma
468 3286 567 3352 fronti
580 3289 719 3353 inustum
732 3288 868 3380 genuit?

222 3403 294 3496 W.)
332 3403 428 3494 Quod
442 3404 580 3496 facilior
601 3412 647 3470 sit
662 3404 837 3473 observatio
860 3407 1025 3473 multorum
1048 3408 1149 3473 delin-

180 3617 490 3630 ..ι-ι--ι--ι-η

208 3739 249 3807 (Ι)
266 3739 300 3792 la
318 3738 442 3790 relations
461 3740 570 3790 carnotis
586 3739 776 3806 Philadelphus
797 3741 889 3792 medici
905 3757 1037 3794 artaxata
1055 3759 1152 3806 sacra,

270 3833 356 3897 palata
381 3830 415 3878 28
441 3829 588 3891 damnatos,
607 3832 652 3895 qui
671 3845 738 3880 anno
760 3832 824 3881 taso
843 3847 945 3884 carcere
963 3833 1154 3896 liberabantur,

270 3925 383 3987 tompore
399 3919 554 3972 detentionis
572 3937 617 3988 per
634 3923 651 3970 ὖ
667 3927 695 3972 at
710 3922 727 3970 6
746 3937 826 3972 annos
844 3925 1033 3990 praeterlapso,
1051 3927 1157 3977 meliore

267 4012 419 4063 valetudinis
443 4012 591 4062 conditione
615 4029 674 4063 utos
690 4013 784 4075 initas,
804 4030 878 4079 quam
895 4029 953 4066 cum
970 4011 1096 4067 arcerem
1114 4018 1155 4066 in·

247 4107 373 4156 annus.
416 4106 495 4156 Porro
521 4105 600 4156 refert
626 4111 808 4158 nrsrtrurrr
836 4121 890 4156 rste
914 4107 940 4156 in
960 4125 1064 4160 carcere
1081 4109 1154 4159 Glar-

265 4195 353 4244 ousnsl
378 4195 540 4258 amatr,
568 4195 656 4248 andem
682 4213 769 4258 anno,
795 4198 862 4249 inter
882 4197 934 4248 82⁰
962 4197 1096 4260 detentos,
1122 4215 1156 4250 ne

262 4295 348 4332 um
369 4285 470 4348 quidam
496 4291 670 4351 nemausen
693 4290 816 4341 invenisse
840 4288 929 4354 (hujus
953 4292 1063 4342 suasu·
1086 4291 1155 4342 enlm

260 4370 388 4424 institutio
409 4374 441 4424 ad
465 4391 576 4430 normam
606 4381 717 4431 carceris
739 4379 959 4450 Philadelphsnsb
976 4379 1075 4466 disseio
1093 4385 1155 4448 est).
