2438 4972
232 877 274 966 1.)
306 877 451 944 Mutuum
471 880 565 944 eurtie
583 879 859 969 participationem
883 902 1083 950 comunem
1111 885 1154 952 le·

189 997 302 1062 butem
325 995 460 1085 (etiami
475 1017 582 1063 nevere
605 997 788 1064 chemetur
810 999 999 1090 silentium),
1016 1003 1155 1082 carceris

188 1135 327 1204 pcennm
354 1113 487 1180 multum
510 1114 671 1182 sublevem
698 1137 765 1182 non
784 1116 941 1206 estquod
963 1117 1151 1188 dubitemm.

189 1230 309 1298 vuum
334 1231 409 1298 inda
439 1232 542 1298 oritur
568 1231 718 1298 dnmnm
743 1232 841 1318 illud,
871 1226 960 1324 quod
986 1237 1032 1302 ita
1060 1238 1155 1328 impe-

189 1348 292 1436 ditur,
316 1351 482 1440 quominus
506 1349 624 1440 captivi
650 1351 790 1416 criminin
813 1352 864 1417 vel
885 1351 995 1419 delicti
1019 1355 1153 1444 pravita-

189 1485 256 1534 tem
280 1483 312 1534 et
333 1467 448 1534 damna
467 1468 620 1552 sentiant3
641 1483 674 1534 et
695 1468 741 1534 sic
763 1470 948 1559 perveniant
967 1469 1009 1536 ud
1030 1495 1158 1540 motum

190 1586 442 1655 emendationem
472 1585 665 1674 requisitam.
716 1586 860 1677 systema
888 1611 965 1655 veru
997 1589 1156 1658 Philadel-

188 1707 306 1794 phenee
323 1705 387 1769 hoc
402 1723 583 1792 peretrum
598 1703 668 1770 fieri
687 1705 755 1771 vult
773 1703 984 1795 delinquenti,
1008 1729 1045 1773 ae
1066 1709 1155 1774 omni

189 1821 304 1888 auxilio
331 1823 494 1908 orbatum,
516 1823 577 1889 eibi
602 1839 636 1890 et
662 1825 874 1890 conscientiae
904 1825 978 1891 foro
1005 1825 1153 1916 relinqui.

187 1941 320 2007 'lenum
344 1955 378 2008 et
401 1957 517 2034 angere
543 1942 607 2009 hcc
627 1941 801 2027 silentium,
821 1943 976 2033 imprimis
995 1959 1155 2012 nocturno

189 2073 353 2150 tempore,
376 2059 465 2126 nullo
490 2061 622 2151 enepttu
648 2076 778 2126 externo
800 2061 1028 2150 interruptum,
1052 2063 1155 2130 nuble-

188 2193 281 2244 tetrn
299 2190 407 2244 tamen
425 2176 547 2244 widun
562 2177 741 2266 fiequentr'a
754 2180 904 2268 praelecti
923 2181 1076 2264 carectis,
1094 2203 1156 2247 mc·

188 2293 269 2378 dici,
293 2295 517 2385 lutfimugietri,
541 2297 629 2362 verbi
651 2295 750 2362 divini
773 2297 928 2380 miniatii,
956 2313 1026 2362 tum
1054 2313 1088 2364 et
1112 2299 1155 2363 la·

185 2405 265 2476 bdre
286 2425 321 2474 et
339 2411 483 2475 motione
501 2413 561 2476 sub
576 2410 651 2477 divo
673 2413 799 2478 sanitati
819 2414 939 2502 optime
957 2414 1154 2503 providetur.

185 2525 328 2615 Spetema
337 2523 561 2606 Aubumenae,
575 2547 765 2613 quamquam
780 2551 907 2592 morum
922 2535 1155 2620 corruptelam,

186 2667 245 2735 per
254 2641 608 2710 communetnlnburem
620 2643 815 2731 captivorum
830 2643 950 2710 directe
962 2667 1158 2734 promovere

187 2785 255 2830 nun
280 2759 451 2829 dicendmn
470 2761 547 2845 erit,
570 2776 676 2827 tamen
690 2782 757 2827 ncn
772 2762 846 2828 satie
871 2760 1032 2830 deterrere
1054 2765 1156 2856 ipsine

188 2905 313 2974 pcenlm
341 2879 534 2948 vividetur.
578 2881 730 2964 Necesse,
761 2895 799 2946 ut
826 2881 966 2971 captivus
994 2883 1155 2974 nunqnam

188 3000 399 3084 conditionie,
421 2999 457 3066 in
478 3020 541 3088 qua
560 3015 718 3083 vereatur,
743 2999 948 3067 obliviscatur
960 2999 1023 3092 (a).

229 3117 288 3206 Π.)
319 3116 470 3206 Magnum
491 3117 739 3184 emolumentum
761 3121 892 3209 praebet
916 3121 1012 3186 etiam
1034 3143 1075 3186 ec
1095 3143 1155 3212 eye

186 3243 273 3303 tenua
295 3231 575 3324 Philadelphense‚
597 3235 683 3323 quud
702 3235 784 3302 eclct
807 3237 948 3328 captivos
967 3240 1093 3304 ancrie
1104 3238 1155 3306 de·

185 3354 271 3422 lictis
291 3351 509 3446 perpetiendis
531 3350 702 3420 deterrere.
748 3353 930 3421 Secundum
950 3357 1095 3447 egregios
1107 3357 1154 3422 ri·

79 3491 83 3499 '
186 3495 241 3540 roe
261 3496 304 3539 nn
327 3495 502 3538 munera
523 3495 564 3537 nr
580 3493 802 3552 rcccunvteur
818 3471 886 3563 (c),
908 3475 973 3540 hcc
987 3489 1156 3565 systemate

215 3695 256 3762 (1)
271 3694 397 3758 Quantum
412 3693 481 3743 noxii
496 3693 627 3743 contineat
645 3707 742 3760 poenae
760 3692 853 3743 cltlieic
867 3693 894 3742 in
908 3693 996 3744 animia
1008 3693 1160 3758 delinquen·

278 3785 360 3845 tium,
379 3790 491 3851 tempere
509 3785 647 3834 communie
661 3783 771 3845 laborie,
790 3783 924 3852 praecipue
942 3786 963 3834 ei
977 3785 1010 3834 de
1023 3801 1074 3836 nna
1090 3791 1161 3852 petie

280 3877 387 3928 cercerle
400 3877 427 3924 in
442 3875 545 3925 alteram
559 3879 779 3940 trentpcttentue,
797 3875 926 3925 ecellulie
941 3873 975 3925 etl
991 3875 1158 3935 latornum,

279 3964 433 4023 refectoria,
461 3962 601 4023 vestibula,
630 3963 764 4025 ancellum,
794 3969 858 4016 cett.
886 3965 1043 4016 demonatrat
1068 3983 1158 4027 turer,

278 4057 421 4124 praetentu·
443 4053 551 4105 carceri·
575 4053 764 4105 Beietnmtit
785 4057 812 4106 in
832 4057 970 4109 telatlcnee
984 4059 1052 4124 fient
1070 4065 1160 4126 repert

277 4148 352 4211 fron
369 4146 414 4196 tte
429 4144 508 4195 relect
522 4148 688 4208 emetitur,
707 4153 757 4199 etc.
774 4173 809 4188 -··
825 4153 852 4199 te
871 4149 901 4199 le
914 4151 1027 4216 printed
1046 4152 1078 4201 t2
1097 4151 1158 4216 ¹¹!

281 4235 347 4284 18³6

216 4323 256 4389 (2)
273 4320 301 4371 1‘
319 4261 429 4382 Pdrtt'e,
450 4323 524 4389 uturp.
543 4325 599 4384 lli,
618 4327 687 4378 sect.
706 4325 734 4386 l,
755 4329 781 4378 itt
797 4327 857 4380 dne.
