2460 4530
589 253 631 319 tt

105 466 264 534 liberatos
287 486 387 555 usque
407 479 571 554 premente
597 482 629 530 et
652 465 825 556 praecipuo
849 470 1028 558 gravamine
1048 471 1084 538 in

105 585 331 652 aestimatione
353 582 483 647 civium.

152 704 212 770 VI.
237 701 477 783 Erndtts'onem,
495 723 557 790 ope
569 699 750 792 religionis,
761 701 852 766 simul
866 727 969 770 mores
980 729 1083 774 emen·

108 823 234 906 dantis,
257 837 291 888 et
313 841 420 903 reum,
448 841 573 908 poenae
596 841 736 902 servum,
759 820 936 886 abarcentis
958 845 976 887 a
994 826 1084 889 novis

108 941 262 1022 delictis3
290 938 518 1004 institutionem
556 938 589 1001 in
623 937 740 1002 artibus
770 939 986 1022 mechanicis,
1021 965 1082 1028 qna

106 1059 213 1148 possit
237 1056 383 1144 consequi
407 1052 600 1119 adminicula
621 1052 661 1119 ad
684 1056 781 1121 vitam
797 1056 831 1121 in
846 1073 1009 1147 posterum
1024 1061 1084 1125 ho-

107 1176 229 1252 nestius
250 1172 413 1265 agendam.

154 1294 226 1358 Hac
251 1293 479 1360 architecturae
503 1290 607 1355 forma
631 1291 750 1380 optime
767 1292 951 1382 providetur
973 1319 1081 1364 emen·
1180 1287 1181 1292 ἵ

106 1411 230 1478 dationi
257 1411 475 1499 captivorum,
499 1409 534 1474 in
555 1409 718 1498 permultis
743 1410 877 1500 Magnae
898 1413 1077 1482 Britanniae

108 1529 309 1610 carceribus,
337 1528 426 1592 etin
453 1548 579 1593 carcere
604 1525 795 1608 Genevensi,
821 1529 881 1614 quai
904 1534 1080 1618 generatim

107 1661 222 1712 carent
251 1659 374 1709 ceterae
402 1645 546 1734 Europae
574 1659 691 1733 partes.
748 1642 905 1710 Addenda
933 1645 1083 1714 videntur

106 1763 283 1854 praecipua
304 1762 469 1850 requisita,
494 1763 625 1850 quibus,
640 1762 732 1826 simul
751 1785 823 1828 cum
838 1763 1075 1850 emendatione,

107 1902 249 1971 poenam
266 1880 462 1969 captivorum
478 1879 628 1967 consequi
643 1879 808 1969 possimus.

153 1999 183 2066 1.·
215 1981 406 2082 Solitudine,
429 2020 491 2086 qua
511 1998 617 2063 vivere
637 1996 732 2063 debet
752 2021 843 2083 reus,
867 2001 900 2065 in
915 2025 1079 2078 carcerem

110 2119 248 2202 intrem,
262 2117 338 2183 item
353 2116 516 2207 praviores
533 2131 566 2181 et
587 2117 746 2208 corrupti,
763 2116 894 2184 diversis
907 2121 981 2185 anni
997 2136 1076 2186 tem·

108 2237 240 2326 poribus
263 2252 297 2302 et
319 2234 431 2300 diebus
450 2232 634 2317 dominicis,
658 2251 732 2323 post
751 2237 991 2303 exercitationes
1006 2239 1077 2303 reli-

105 2355 209 2444 glosas
235 2370 268 2419 et
294 2369 460 2442 ternpore,
487 2352 709 2418 liberationem
735 2333 1073 2442 brevipraecedente.

107 2471 181 2555 Quo
203 2472 306 2553 facto,
330 2493 403 2536 reus
424 2470 535 2535 melius
560 2469 602 2535 ad
623 2471 786 2558 suiipsius
810 2471 971 2561 pravitatis
998 2492 1074 2536 con·

107 2581 274 2656 scientiam
291 2590 472 2680 perveniet,
495 2606 527 2656 et
543 2590 585 2654 ab
608 2589 742 2654 externis
754 2587 902 2662 vitiorum
917 2581 1079 2656 illecebris

106 2698 280 2791 liberatus,
304 2709 422 2796 optime
447 2708 626 2804 surgentem
653 2703 694 2770 ad
717 2705 835 2772 malum
855 2707 1074 2776 invitationem

105 2827 306 2918 impugnabit
319 2825 376 2917 (ι).
421 2825 588 2916 Discrepat
612 2847 689 2891 vero
711 2825 789 2891 haec
813 2825 990 2892 solitudinis
1004 2851 1075 2917 spe·

135 3085 176 3153 (l)
193 3084 270 3134 llisnis
294 3099 354 3134 vero
374 3083 414 3133 vel
433 3082 548 3134 absoluta
569 3083 696 3143 solitudo,
717 3098 768 3131 non
785 3081 926 3148 interrupta
945 3083 1078 3146 personis,
1103 3083 1107 3086 ’

179 3155 322 3240 ¹captivum
349 3174 527 3236 visitantibus,
554 3175 655 3223 noxium
682 3187 784 3237 quoqne
810 3171 888 3222 latet
910 3171 990 3232 iliud,
1009 3175 1080 3237 quod

194 3267 233 3316 rel
250 3267 363 3316 melioris
381 3266 475 3316 indolis
490 3267 600 3333 captivi,
626 3265 674 3315 sibi
688 3263 792 3323 relicti,
811 3263 939 3313 nonnullis
958 3267 1077 3330 tempori·

193 3355 241 3406 bus
257 3357 393 3407 vincantur
412 3361 531 3420 surgente
545 3355 721 3407 melancholia.
757 3353 928 3417 Cogitationes
943 3353 1083 3417 aliqnando

194 3445 277 3494 animo
304 3445 455 3506 volvuntur,
484 3461 538 3495 sese
555 3461 570 3495 a
587 3444 723 3494 miserabili
747 3444 813 3493 vitae
832 3442 977 3492 conditione
996 3451 1077 3498 morte

194 3533 311 3584 liberare.
339 3535 432 3584 Contra
450 3533 518 3597 quod
534 3535 673 3601 periculum
692 3539 778 3584 monet
794 3532 971 3584 celeberrimus
990 3551 1081 3588 sistro
1143 3549 1146 3558 ’

195 3639 318 3694 ssnstuo,
347 3624 385 3674 vir
411 3629 529 3674 constans
545 3630 573 3675 et
589 3626 742 3691 praestantis
761 3625 889 3690 religionis
904 3627 1075 3690 Christianae,

193 3717 259 3766 launo
288 3716 444 3767 arbitrariam
474 3718 540 3767 vitse
558 3717 716 3768 demtionem
728 3715 854 3777 vetantis,
873 3719 975 3783 penitus
995 3719 1079 3769 imbu-

195 3812 254 3868 tus,
281 3807 347 3858 idem
369 3803 403 3858 tle
428 3823 454 3857 se
481 3809 534 3874 ipso
561 3805 685 3869 testatus,
705 3824 746 3874 op.
765 3809 783 3858 l.
804 3823 859 3876 esp.
877 3809 954 3861 etet
974 3814 1082 3858 snor-

193 3911 285 3960 ansts,
302 3903 362 3950 nota
381 3899 415 3949 ael
430 3914 487 3966 osp.
503 3896 547 3952 48.
668 3931 672 3942 ·
