2430 4988
63 921 123 964 nes
152 894 336 986 religiosae,
367 895 478 961 diebus
504 893 689 978 dominicis,
723 911 755 961 et
780 897 859 964 bore
883 901 1036 966 matutine

59 1017 320 1106 vespertinisque,
336 1013 393 1080 sed
405 1013 605 1103 colloquatur
621 1037 693 1080 cum
709 1013 746 1080 iis
758 1016 818 1082 reis
832 1017 920 1084 verbi
934 1017 1032 1084 divini
1077 1073 1083 1086 .

57 1135 222 1217 minister,
260 1134 313 1222 qui
343 1133 411 1221 epti
437 1148 509 1198 sient
539 1130 580 1198 ed
614 1132 723 1200 talium
753 1155 859 1200 rerum
884 1153 1030 1224 ceptum,

58 1251 170 1318 audiat
188 1251 317 1316 illorum
335 1251 469 1342 gemitus
484 1265 516 1315 et
532 1248 779 1333 sollicitudines,
804 1274 896 1339 quam
911 1255 1029 1342 possit,
1085 1233 1095 1240 ’

59 1369 255 1458 saepissime.
301 1367 369 1434 Nec
393 1383 516 1432 tantum
536 1365 576 1432 sd
595 1367 698 1432 minus
723 1367 896 1457 culpandos
919 1372 1031 1438 noxios

63 1486 216 1554 extendat
231 1509 296 1552 sese
310 1489 445 1551 humans
460 1508 554 1569 curs,
570 1509 672 1574 neque
686 1487 745 1554 bos
760 1487 847 1552 solos
861 1489 1030 1579 participes

61 1605 163 1670 lbciet
180 1603 339 1670 solutionis
352 1603 514 1692 religionis
530 1602 742 1688 Cluistienee,
764 1604 820 1671 sed
837 1621 871 1672 et
887 1605 1029 1674 duriores

61 1739 283 1790 veteranorum
311 1720 530 1789 maleficorum
562 1721 683 1788 animos
712 1723 856 1790 emollire
883 1724 1026 1811 studeat,
1118 1751 1122 1758 ’

61 1839 189 1930 quando
209 1863 241 1907 r.
261 1864 309 1932 gr.
326 1855 473 1929 ternpore
488 1839 589 1929 gravis
604 1838 709 1904 morbi
723 1839 774 1906 rel
785 1863 933 1930 supremo
944 1844 1028 1911 ritee

57 1975 204 2049 ternpore
222 1981 341 2049 angore
359 1957 410 2024 vel
429 1957 556 2024 tristitia
575 1955 834 2046 afficiuntur<1).

104 2077 180 2144 vlt.
215 2078 357 2142 Reorum
379 2073 538 2159 cutodia,
560 2097 657 2163 quum
678 2075 719 2140 sit
739 2097 789 2142 res
802 2075 939 2150 ,maximi
962 2099 1028 2144 mo-

61 2196 165 2262 menti
180 2195 358 2264 civitatibus
378 2195 618 2278 morationibus,
643 2209 675 2260 et
698 2195 883 2285 praecipuas
902 2194 1024 2281 laudes,

60 2315 158 2382 etiarn
185 2337 223 2380 ex
246 2315 309 2380 boc
333 2315 460 2406 egregio
482 2313 644 2397 instituite,
671 2311 755 2404 apud
776 2329 895 2382 ceteras
915 2330 1026 2407 gentes

59 2455 230 2520 omnesque
246 2431 447 2497 humanitatis
463 2430 601 2498 fautores
620 2431 770 2520 consequi
787 2433 925 2523 possint,
947 2455 1024 2524 ope-

58 2573 111 2617 rae
131 2551 270 2642 pretium
295 2551 374 2633 erit,
398 2565 435 2614 ut
452 2549 487 2614 in
501 2549 538 2614 iis
557 2549 748 2634 civitatibus,
771 2573 898 2618 reorum
915 2575 1022 2620 emen-

57 2667 143 2736 datio
164 2685 197 2736 et
215 2691 380 2734 carcerum
397 2668 605 2736 architectura
623 2692 696 2734 curn
718 2670 830 2736 ceteris
845 2671 1018 2760 requisitis:

56 2787 223 2870 alimonis,
248 2785 372 2876 operis,
396 2784 565 2852 solitudine
582 2787 617 2852 in
633 2809 780 2871 carcere,
802 2789 972 2877 partitione
985 2789 1021 2855 in

58 2905 187 2988 classes,
216 2902 414 2995 diligentium
441 2921 474 2970 et
500 2905 726 2971 conscientiam
753 2903 836 2969 mele
863 2905 1023 2972 institutae

57 3023 172 3111 prioris
198 3022 279 3088 vitae
306 3021 477 3090 efficaciter
502 3037 747 3114 promoventes,
772 3035 848 3088 cett.
870 3019 1021 3111 peculiari

57 3141 219 3222 instituto,
240 3139 290 3205 vel
311 3141 455 3208 societati
475 3139 601 3208 cuidem
618 3140 746 3230 publice
761 3139 1018 3226 commendetur,

57 3273 110 3324 sut
130 3257 257 3348 egregio
275 3258 476 3326 humanitatis
494 3257 616 3343 studio,
640 3258 724 3325 ultro
738 3259 778 3326 ab
795 3259 1021 3327 excellentibus

56 3377 127 3442 viris
140 3392 175 3443 et
185 3376 366 3444 mulieribus
379 3377 583 3468 suscipietur,
597 3377 740 3467 qualibus
749 3379 815 3464 jum
821 3383 932 3464 patrio
947 3397 1020 3440 nos·
1065 3383 1071 3398 ⁸

57 3508 121 3578 ua,
142 3469 279 3584 Anglt‘u,
300 3499 450 3561 America
464 3495 736 3584 Septentrionolr's,
760 3495 916 3575 Francia,
943 3491 1020 3557 Gen·

56 3619 175 3694 mania,
204 3613 358 3696 Bassia,
376 3612 517 3695 Genera,
547 3611 710 3700 Regium,
744 3607 824 3688 eliae
853 3605 1017 3698 regiones,

57 3731 167 3796 eximio
182 3745 419 3820 pmcccssenmt
433 3728 589 3819 exemplo.
635 3725 767 3793 Publice
790 3725 1019 3794 constituentur

57 3849 275 3933 commissarii,
292 3847 343 3914 nel
355 3845 507 3937 preelecti
527 3845 703 3936 superiores
725 3843 945 3936 (inspectum)
963 3847 1017 3936 qui

81 4150 120 4215 (1)
137 4150 261 4200 illectum
276 4149 337 4200 sebe
352 4147 478 4201 efficacem
496 4149 602 4200 heberet
616 4149 699 4200 sorren
716 4163 806 4202 werne
824 4166 919 4204 conse
934 4154 1022 4205 odni-

141 4241 286 4300 sss'strntio,
306 4241 346 4292 rel
371 4249 503 4292 astemus
524 4241 661 4292 metim·
679 4242 824 4294 encausto
847 4245 872 4295 in
897 4237 1023 4312 captiuis,

141 4330 238 4382 diverso
257 4331 385 4396 religionis
401 4333 473 4384 cultu
492 4330 630 4384 euntibus.
